%A
@InProceedings{Abeille99,
  author = 	 {Anne Abeill\'{e}},
  title = 	 {{FTAG}: Current Status and Parsing Scheme},
  booktitle =	 {Proceedings of VEXTAL'99},
  year =	 1999,
  address =	 {Venice/IT}
}
@InBook{Abeille00,
  author =       {Anne Abeill\'{e} and Owen Rambow},
  editor =       {Anne Abeill\'{e} and Owen Rambow},
  title =        {Tree {A}djoining {G}rammars: Formalisms, Linguistic Analyses and Processing},
  chapter =      {Tree Adjoining Grammar: An Overview},
  publisher =    {CSLI Publications},
  year =         {2000}
}
@Article{AdesSteedman82,
  author =       {Anthony E. Ades and Mark J. Steedman},
  year =         1982,
  title =        {On the Order of Words},
  journal =      {Linguistics and Philosophy},
  volume =       4,
  pages =        {517--558}
}
@InCollection{Ajdukiewicz35,
  author = 	 {Kazimierz Ajdukiewicz},
  title = 	 {Die {S}yntaktische {K}onnexit{\"a}t},
  booktitle = 	 {Polish Logic 1920-1939},
  pages =	 {207--231},
  publisher =	 {Oxford University Press},
  year =	 1935,
  editor =	 {Storrs McCall},
  note =	 {Translated from Studia Philosophica, 1, 1--27}
}
@Misc{Alice06,
  author =       {{The Alice Team}},
  title =        {The {A}lice Website},
  note =         {http://www.ps.uni-sb.de/alice/},
  year =         2006
}
@Article{Alshawi91,
  author =       {Hiyan Alshawi},
  title =        {Resolving Quasi Logical Forms},
  journal =      {Computational Linguistics},
  year =         1991,
  volume =       16,
  number =       3,
  pages =        {133--144}
}
@InProceedings{AlshawiCrouch92,
  author =       {Hiyan Alshawi and Richard Crouch},
  title =        {Monotonic Semantic Interpretation},
  booktitle =    {Proceedings of ACL 1992},
  pages =        {32--39},
  year =         1992,
  address =      {Kyoto/JP}
}
@Book{Andrews02,
  author =	 {Peter B. Andrews},
  title = 	 {An Introduction to Mathematical Logic and Type Theory: To Truth Through Proof},
  publisher = 	 {Kluwer Academic Publishers},
  year = 	 2002
}
@InProceedings{ApresianEtal03,
  author = 	 {Jurij Apresian and Igor Boguslavsky and Leonid Iomdin and Alexander Lazursky and Vladimir Sannikov and Victor Sizov and Leonid Tsinman},
  title = 	 {{ETAP}-3 Linguistic Processor: A Full-Fledged {NLP} Implementation of the {MTT}},
  booktitle =	 {Proceedings of MTT 2003},
  year =	 2003,
  address =	 {Paris/FR}
}
@Book{Apt03,
  author =       {Krzysztof R. Apt},
  title =        {Principles of Constraint Programming},
  publisher =    {Cambridge University Press},
  year =         2003
}
@Article{Askedahl83,
  author =       {John Ole Askedahl},
  title =        {Koh{\"a}renz und {I}nkoh{\"a}renz in deutschen {I}nfinitf{\"u}gungen: {V}orschlag zur begrifflichen {K}l{\"a}rung},
  journal =      {Lingua},
  year =         1983,
  volume =       59,
  pages =        {177--196}
}
%B
@InProceedings{Bach81,
  author =       {Emmon Bach},
  year =         1981,
  title =        {Discontinuous Constituents in Generalized Categorial Grammars},
  booktitle =    {Proceedings of the 11th Annual Meeting of the Northeast Linguistic Society},
  pages =        {515--531},
  publisher =    {Amberst/US}
}
@Misc{BaderEtal04,
  author = 	 {Regine Bader and Christine Foeldesi and Ulrich Pfeiffer and Jochen Steigner},
  title = 	 {Modellierung grammatischer {P}h{\"a}nomene der deutschen {S}prache mit {T}opologischer {D}ependenzgrammatik},
  note =         {Softwareprojekt, Saarland University},
  year = 	 2004
}
@InProceedings{BakerEtal98,
  author = 	 {Collin F. Baker and Charles J. Fillmore and John B. Lowe},
  title = 	 {The Berkeley FrameNet Project},
  booktitle =	 {Proceedings of COLING/ACL 1998},
  pages =	 {86--90},
  year =	 1998
}
@InProceedings{BaldridgeKruijff02,
  author = 	 {Jason Baldridge and Geert-Jan Kruijff},
  title = 	 {Coupling {CCG} and Hybrid Logic Dependency Semantics},
  booktitle =	 {Proceedings of ACL 2002},
  pages =	 {319--326},
  year =	 2002,
  address =	 {Philadelphia/US}
}
@Article{BarHillel53,
  author = 	 {Yehoshua Bar-Hillel},
  title = 	 {A Quasi-arithmetical Notation for Syntactic Description},
  journal = 	 {Language},
  year = 	 1953,
  volume =	 29,
  pages =	 {47--58}
}
@Book{BartonEtal87,
  author =	 {G. Edward Barton and Robert Berwick and Eric Sven Ristad},
  title = 	 {Computational Complexity and Natural Language},
  publisher = 	 {MIT Press},
  year = 	 1987
}
@Book{Bech55,
  author =       {Gunnar Bech},
  year =         1955,
  title =        {Studien {\"u}ber das deutsche {V}erbum {I}nfinitum},
  series =       {Det Kongelige Danske videnskabernes selskab.
		 Historisk-Filosofiske Meddelelser, Bd. 35, Nr. 2 (1955)
		 and Bd. 36, Nr. 6 (1957)},
  publisher =    {Munksgaard},
  address =      {Kopenhagen/DK},
}
@PhdThesis{Becker94,
  author = 	 {Tilman Becker},
  title = 	 {{HyTAG}: A New Type of Tree Adjoining Grammars for Hybrid Syntactic Representation of Free Word Order Languages},
  school = 	 {Saarland University},
  year = 	 1994
}
@Misc{BeckerRambow94,
  author =       {Tilman Becker and Owen Rambow},
  year =         1994,
  title =        {Parsing Free Word-Order Languages in Polynomial Time}
}
@TechReport{BeckerEtal92,
  author = 	 {Tilman Becker and Owen Rambow and Michael Niv},
  title = 	 {The Derivational Generative Power, or, Scrambling is beyond {LCFRS}},
  institution =  {University of Pennsylvania},
  year = 	 1992
}
@Article{BeldiceanuContjean94,
  author = 	 {N. Beldiceanu and E. Contjean},
  title = 	 {Introducing Global Constraints in {CHIP}},
  journal = 	 {Mathematical and Computer Modelling},
  year = 	 1994,
  pages =	 {97--123}
}
@InCollection{Blackburn94,
  author =       {Patrick Blackburn},
  title =        {Structures, Languages and Translations: The Structural Approach to Feature Logic},
  booktitle =    {Constraints, Language and Computation},
  pages =        {1--27},
  publisher =    {Academic Press},
  year =         1994,
  editor =       {C. J. Rupp and M. A. Rosner and R. L. Johnson},
  address =      {London/UK}
}
@InProceedings{BlackburnGardent95,
  author = 	 {Patrick Blackburn and Claire Gardent},
  title = 	 {A Specification Language for Lexical Functional Grammars},
  booktitle =	 {Proceedings of EACL 1995},
  year =	 1995,
  address =	 {Dublin/IE}
}
@Article{Blackburn00,
  author = 	 {Patrick Blackburn},
  title = 	 {Representation, reasoning, and relational structures: a hybrid logic manifesto},
  journal = 	 {Journal of the IGPL},
  year = 	 2000,
  volume =	 8,
  number =	 3,
  pages =	 {339--365}
}
@InProceedings{BodirskyEtal04,
  author =       {Manuel Bodirsky and Denys Duchier and Sebastian Miele and Joachim Niehren},
  title =        {A New Algorithm for Normal Dominance Constraints},
  booktitle =    {{{ACM-SIAM} Symposium on Discrete Algorithms}},
  pages =        {54--78},
  year =         2004,
  publisher =    {The {ACM} Press}
}
@InProceedings{BodirskyEtal05,
  author = 	 {Manuel Bodirsky and Marco Kuhlmann and Mathias M{\"o}hl},
  title = 	 {Well-Nested Drawings as Models of Syntactic Structure},
  booktitle =	 {10th Conference on Formal Grammar and 9th Meeting on Mathematics of Language},
  year =	 2005,
  address =	 {Edinburgh/UK}
}
@InCollection{BohmovaEtal01,
  author =       {Alena B\"{o}hmov\'{a} and  Jan Haji\v{c} and Eva Haji\v{c}ov\'{a} and Barbora Hladk\'{a}},
  title =        {The {P}rague {D}ependency {T}reebank: Three-Level Annotation Scenario},
  booktitle =    {Treebanks: Building and Using Syntactically Annotated Corpora},
  year =         2001,
  publisher =    {Kluwer Academic Publishers},
}
@InProceedings{BohnetWanner01,
  author = 	 {Bernd Bohnet and Leo Wanner},
  title = 	 {On Using a Parallel Graph Rewriting Formalism in Generation},
  booktitle =	 {Proceedings of ACL 2001},
  year =	 2001,
  address =	 {Toulouse/FR}
}
@InProceedings{Bojar04,
  author =       {Ondrej Bojar},
  title =        {Problems of Inducing Large Coverage Constraint-Based Dependency Grammar},
  booktitle =    {Proceedings of the International Workshop on Constraint Solving and Language Processing},
  year =         2004,
  address =      {Roskilde/DK},
}
@InProceedings{Bos96,
  author =       {Johan Bos},
  title =        {Predicate Logic Unplugged},
  booktitle =    {Proceedings of the 10th Amsterdam Colloquium},
  pages =        {133--143},
  year =         1996
}
@InProceedings{BosEtal04,
  author = 	 {Johan Bos and Stephen Clark and James R. Curran and Julia Hockenmaier and Mark Steedman},
  title = 	 {Wide-Coverage Semantic Representations from a {CCG} Parser},
  booktitle =	 {Proceedings of COLING 2004},
  year =	 2004,
  address =	 {Geneva/CH}
}
@Misc{BoumaEtal98,
  author =       {Gosse Bouma and Robert Malouf and Ivan A. Sag},
  title =        {Adjunct Scope},
  year =         1998,
  note =         {Presented at the 20th Annual Meeting of the DGfS in Halle/DE}
}
@InProceedings{BoumaVanNoord94,
  author =       {Gosse Bouma and Gertjan van Noord},
  title =        {A Lexicalist Account of the Dutch Verb Cluster},
  booktitle =    {Computational Linguistics in The Netherlands 1994},
  year =         1994,
  editor =       {Gosse Bouma and Gertjan van Noord}
}
@InCollection{BoumaVanNoord98,
  author =       {Gosse Bouma and Gertjan van Noord},
  title =        {Word Order Constraints on Verb Clusters in {G}erman and {D}utch},
  booktitle =    {Complex Predicates in Nonderivational Syntax},
  publisher =    {Academic Press},
  year =         1998,
  editor =       {Erhard Hinrichs and Tsuneko Nakazawa and Andreas Kathol}
}
@Book{Brants99,
  author =       {Thorsten Brants},
  title =        {Tagging and Parsing with Cascaded Markov Models --- Automation of Corpus Annotation},
  publisher =    {DFKI Saarbr{\"u}cken},
  year =         1999,
  series =       {Saarbr{\"u}cken Dissertations in Computational Linguistics and Language Technology}
}
@Book{Bresnan01,
  author =	 {Joan Bresnan},
  title = 	 {Lexical {F}unctional {S}yntax},
  publisher = 	 {Blackwell},
  year = 	 2001
}
@Article{BresnanEtal83,
  author =       {Joan W. Bresnan and Ronald M. Kaplan and Stanley Peters and Annie Zaenen},
  title =        {Cross-Serial Dependencies in Dutch},
  journal =      {Linguistic Inquiry 13},
  year =         1983,
  editor =       {Joan Bresnan},
  publisher =    {MIT Press},
  address =      {Cambridge/US},
  pages =        {173--281}
}
@InCollection{BresnanKaplan82,
  author =       {Joan Bresnan and Ronald Kaplan},
  year =         1982,
  title =        {Lexical-{F}unctional {G}rammar: A Formal System for
		 Grammatical Representation},
  booktitle =    {The Mental Representation of Grammatical Relations},
  editor =       {Joan Bresnan},
  publisher =    {The MIT Press},
  address =      {Cambridge/US},
  pages =        {173--281},
}
@InProceedings{Broeker98,
  author =       {Norbert Br{\"o}ker},
  year =         1998,
  title =        {Separating Surface Order and Syntactic Relations in a Dependency Grammar},
  booktitle =    {Proceedings of COLING/ACL 1998},
  address =      {Montr{\'e}al/CA},
}
@InProceedings{Broeker98LFG,
  author =       {Norbert Br{\"o}ker},
  year =         1998,
  title =        {A Projection Architecture for Dependency Grammar and How it Compares to {LFG}},
  booktitle =    {Proceedings of LFG 1998},
  editor =       {Butt, M. and King, T.H.},
  pages =        {111--124},
}
@Book{Broeker99,
  author =       {Norbert Br{\"o}ker},
  year =         1999,
  title =        {Eine {D}ependenzgrammatik zur {K}opplung heterogener {W}issensquellen},
  publisher =    {Max Niemeyer Verlag},
  address =      {T{\"u}bingen/DE},
  series =       {Linguistische Arbeiten 405},
}
@MastersThesis{Brunklaus00,
  author =       {Thorsten Brunklaus},
  title =        {Der {O}z {I}nspector --- {B}rowsen: {I}nteraktiver, einfacher, effizienter},
  school =       {Saarland University},
  year =         2000,
  type =         {Diploma thesis},
  note =         {http://www.ps.uni-sb.de/Papers/abstracts/OzInspector.html}
}
@TechReport{Butler04,
  author = 	 {Christopher Butler},
  title = 	 {Notes Towards an Incremental Implementation of the Role and Reference Grammar Semantics-to-Syntax Mapping Rules for {E}nglish},
  institution =  {University of Wales},
  year = 	 2004,
  address =	 {Swansea/UK}
}
@InProceedings{ButtKing98,
  author = 	 {Miriam Butt and Tracy Holloway King},
  title = 	 {Interfacing Phonology with {LFG}},
  booktitle =	 {Proceedings of the LFG98 Conference},
  year =	 1998,
  address =	 {Brisbane/AU}
}
@InProceedings{Butt02,
  author =       {Miriam Butt and Helge Dyvik and Tracy Holloway King and Hiroshi Masuichi and Christian Rohrer},
  title =        {The Parallel Grammar Project},
  booktitle =    {Proceedings of the COLING 2002 Workshop on Grammar Engineering and Evaluation},
  pages =        {1--7},
  year =         2002,
  address =      {Taipei/TW}
}
%C
@InProceedings{Candito96,
  author =       {Marie-H{\`e}l{\'e}ne Candito},
  title =        {A Principle-Based Hierarchical Representation of {LTAG}},
  booktitle =    {Proceedings of COLING 1996},
  year =         1996,
  address =      {Kopenhagen/DK}
}
@InProceedings{CanditoKahane98,
  author = 	 {Marie-H{\`e}l{\'e}ne Candito and Sylvain Kahane},
  title = 	 {Can the {TAG} Derivation Tree Represent a Semantic Graph? {A}n Answer in the Light of {M}eaning-{T}ext {T}heory},
  booktitle =	 {Fourth International Workshop on Tree Adjoining Grammars and Related Frameworks},
  pages =	 {25--28},
  year =	 1998,
  address =	 {Philadelphia/US},
  organization = {University of Pennsylvania}
}
@Book{Carpenter92,
  author =	 {Bob Carpenter},
  title = 	 {The Logic of Typed Feature Structures},
  publisher = 	 {Cambridge University Press},
  year = 	 1992,
  series =	 {Cambridge Tracts in Theoretical Computer Science},
  edition =	 32
}
@InProceedings{CarrollBriscoe02,
  author =       {John Carroll and Ted Briscoe},
  title =        {High Precision Extraction of Grammatical Relations},
  booktitle =    {Proceedings of COLING 2002},
  year =         2002,
  address =      {Taipei/TW}
}
@InProceedings{CarrollEtAl99,
  author =       {John Carroll and Ann Copestake and Dan Flickinger and Victor Poznanski},
  title =        {An Efficient Chart Generator for (Semi-)Lexicalist Grammars},
  booktitle =    {Proceedings of the 7th European Workshop on NLG},
  year =         1999,
  address =      {Toulouse/FR},
  pages =        {86--95}
}
@InProceedings{CarrollWeir97,
  author = 	 {John Carroll and David Weir},
  title = 	 {Encoding Frequency Information in Lexicalized Grammars},
  booktitle =	 {Proceedings of the 5th ACL/SIGPARSE International Workshop on Parsing Technologies},
  pages =	 {8--17},
  year =	 1997,
  address =	 {Cambridge/US},
  organization = {MIT}
}
@InCollection{Chafe76,
  author =       {Wallace L. Chafe},
  title =        {Givenness, Contrastiveness, Definiteness, Subjects, Topic, and Point of View},
  booktitle =    {Subject and Topic},
  pages =        {25--55},
  publisher =    {Academic Press},
  year =         1976,
  editor =       {C. Li},
  address =      {New York/US}
}
@Book{Charniak93,
  author =	 {Eugene Charniak},
  title = 	 {Statistical Language Learning},
  publisher = 	 {MIT Press},
  address =      {Cambridge/US},
  year = 	 1993
}
@InProceedings{Charniak97,
  author =       {Eugene Charniak},
  title = 	 {Statistical Parsing with a Context-Free Grammar and Word Statistics},
  year = 	 1997,
  booktitle =	 {Proceedings of the 14th National Conference on Artificial Intelligence},
  address =	 {Cambridge/US},
  publisher =	 {AAAI Press}
}
@Book{Chomsky57,
  author =       {Noam Chomsky},
  year =         1957,
  title =        {Syntactic Structures},
  publisher =    {Mouton},
  address =      {The Hague/NL},
  series =       {Janua linguarum},
}
@Book{Chomsky65,
  author =       {Noam Chomsky},
  year =         1965,
  title =        {Aspects of the Theory of Syntax},
  publisher =    {MIT Press},
  address =      {Cambridge/US}
}
@Book{Chomsky81,
  author =       {Noam Chomsky},
  title =        {Lectures on {G}overnment and {B}inding: The Pisa Lectures},
  publisher =    {Foris Publications},
  year =         1981
}
@Book{Chomsky86,
  author =       {Noam Chomsky},
  year =         1986,
  title =        {Barriers},
  series =       {Linguistic Inquiry Monograph 13},
  publisher =    {{MIT} Press},
  address =      {Cambridge/US},
}
@Book{Chomsky86a,
  author =       {Noam Chomsky},
  year =         1986,
  title =        {Knowledge of Language, Its Nature, Origin, and Use},
  publisher =    {Praeger},
  address =      {New York/US},
}
@Book{Chomsky95,
  author =	 {Noam Chomsky},
  title = 	 {The Minimalist Program},
  publisher = 	 {MIT Press},
  year = 	 1995
}
@Article{Church40,
  author = 	 {Alonzo Church},
  title = 	 {A Formulation of the Simple Theory of Types},
  journal = 	 {Journal of Symbolic Logic},
  year = 	 1940,
  volume =	 5,
  pages =	 {56--68}
}
@PhdThesis{Clark04,
  author = 	 {Brady Clark},
  title = 	 {A Stochastic Optimality Theory Approach to Syntactic Change},
  school = 	 {Stanford University},
  year = 	 2004
}
@InProceedings{ClarkCurran04,
  author = 	 {Stephen Clark and James R. Curran},
  title = 	 {The Importance of Supertagging for Wide-Coverage {CCG} Parsing},
  booktitle =	 {Proceedings of COLING 2004},
  pages =	 {282--288},
  year =	 2004
}
@InProceedings{ClementKinyon03,
  author = 	 {Lionel Clement and Alexandra Kinyon},
  title = 	 {Generating Parallel Multilingual {LFG}-{TAG} Grammars Using a {MetaGrammar}},
  booktitle =	 {Proceedings of ACL 2003},
  year =	 2003,
  address =	 {Sapporo/JP}
}
@InProceedings{Coch96,
  author = 	 {Jos{\'e} Coch},
  title = 	 {Overview of {AlethGen}},
  booktitle =	 {Proceedings of the 8th International on Natural Language Generation (INLG'96)},
  pages =	 {25--28},
  year =	 1996,
  volume =	 2,
  address =	 {Herstmonceaux/UK}
}
@Article{Cohen81,
  author = 	 {Shimon Cohen},
  title = 	 {Simplicity $=$ Efficiency $=$ Readability: a simple
                 {INFIX} to {PREFIX} algorithm},
  journal = 	 {SIGPLAN},
  year = 	 1981,
  volume =	 16,
  number =	 9,
  pages =	 {83--89}
}
@InProceedings{Collins96,
  author =       {Michael Collins},
  title =        {A New Statistical Parser Based on Bigram Lexical Dependencies},
  booktitle =    {Proceedings of ACL 1996},
  year =         1996,
  address =      {Santa Cruz/US}
}
@InProceedings{Collins97,
  author = 	 {Michael Collins},
  title = 	 {Three Generative, Lexicalized Models for Statistical Parsing},
  booktitle =	 {Proceedings of ACL 1997},
  year =	 1997,
  address =	 {Madrid/ES}
}
@PhdThesis{Collins99,
  author = 	 {Michael Collins},
  title = 	 {Head-Driven Statistical Models for Natural Language Parsing},
  school = 	 {University of Pennsylvania},
  year = 	 1999
}
@Book{Copestake02,
  author =	 {Ann Copestake},
  title = 	 {Implementing Typed Feature Structure Grammars},
  publisher = 	 {CSLI Publications},
  year = 	 2002
}
@TechReport{Copestake03,
  author = 	 {Ann Copestake},
  title = 	 {Report on the Design of {RMRS}},
  institution =  {University of Cambridge},
  year = 	 2003,
  address =      {Cambridge/UK}
}
@Article{CopestakeEtal04,
  author =       {Ann Copestake and Dan Flickinger and Carl Pollard and Ivan Sag},
  title =        {Minimal Recursion Semantics. An Introduction.},
  journal =      {Journal of Language and Computation},
  year =         2004,
  note =         {To appear}
}
@InProceedings{CopestakeFlickinger00,
  author =       {Ann Copestake and Dan Flickinger},
  title =        {An Open-Source Grammar Development Environment and
		  Broad-Coverage {E}nglish Grammar Using {HPSG}},
  booktitle =    {Conference on Language Resources and Evaluation},
  year =         2000,
  address =      {Athens/GR}
}
@InBook{Courcelle97,
  author = 	 {Bruno Courcelle},
  title = 	 {The Expression of Graph Properties and Graph Transformations in Monadic Second-Order Logic},
  publisher = 	 {World Scientific Publishing Co., Inc.},
  year = 	 1997,
  series =	 {Handbook of Graph Grammars and Computing by Graph Transformation: Volume I. Foundations},
  address =	 {River Edge/US},
  pages =	 {313--400}
}
@Book{Covington84,
  author =       {Michael A. Covington},
  year =         1984,
  title =        {Syntactic Theory in the High Middle Ages},
  publisher =    {Cambridge University Press},
}
@TechReport{Covington90,
  author =       {Michael A. Covington},
  title =        {A Dependency Parser for Variable-Word-Order Languages},
  institution =  {Artificial Intelligence Program, University of Georgia},
  year =         1990,
  type =         {Research Report},
  number =       {AI-1990-01},
  address =      {Athens/US},
}
@TechReport{Covington92,
  author =       {Michael A. Covington},
  title =        {{GB} Theory as Dependency Grammar},
  institution =  {Artificial Intelligence Program, University of Georgia},
  year =         1992,
  type =         {Research Report},
  number =       {AI-1992-03},
  address =      {Athens/US},
}
@InProceedings{CrabbeDuchier04,
  author =       {Benoit Crabb{\'e} and Denys Duchier},
  title =        {Metagrammar Redux},
  booktitle =    {Proceedings of the International Workshop on Constraint Solving and Language Processing},
  year =         2004,
  address =      {Roskilde/DK}
}
@InProceedings{Crabbe05,
  author = 	 {Benoit Crabb{\'e}},
  title = 	 {Grammatical Development with {XMG}},
  booktitle =	 {Proceedings of LACL 05},
  year =	 2005,
  address =	 {Bordeaux/FR}
}
@InProceedings{Curry61,
  author =       {Haskell B. Curry},
  title =        {Some Logical Aspects of Grammatical Structure},
  booktitle =    {Structure of Language and its Mathematical Aspects: Proceedings of the Twelfth Symposium in Applied Mathematics},
  pages =        {56--68},
  year =         1961,
  organization = {American Mathematical Society}
}
%D
@Article{DalrympleEtal91,
  author = 	 {Mary Dalrymple and Stuart M. Shieber and Fernando C. N. Pereira},
  title = 	 {Ellipsis and Higher-Order Unification},
  journal = 	 {Linguistics and Philosophy},
  year = 	 1991,
  volume =       14,
  number =       4,
  pages =        {399--462}
}
@InProceedings{DalrympleEtal95,
  author = 	 {Mary Dalrymple and John Lamping and Fernando Pereira and Vijay Saraswat},
  title = 	 {Linear {L}ogic for Meaning Assembly},
  booktitle =	 {Proceedings of the Workshop on Computational Logic for Natural Language Processing},
  year =	 1995,
  address =	 {Edinburgh/UK}
}
@Article{Davidson67,
  author =       {Donald Davidson},
  title =        {Truth and Meaning},
  journal =      {Synthese 17},
  year =         1967,
  pages =        {304--323}
}
@Book{Davidson80,
  author =	 {Donald Davidson},
  title = 	 {Essays on Actions and Events},
  publisher = 	 {Clarendon},
  year = 	 1980
}
@Book{Davis98,
  author =       {Tony Davis},
  title =        {Linking as Constraints in the Hierarchical Lexicon},
  year =         1998
}
@Misc{Debusmann01,
  author =       {Raph Debusmann},
  title =        {A Declarative Grammar Formalism for Dependency Grammar},
  school =       {Saarland University},
  year =         2001,
  type =         {Diploma thesis},
  note =         {http://www.ps.uni-sb.de/Papers/abstracts/da.html}
}
@TechReport{DebusmannDuchier02,
  author = 	 {Ralph Debusmann and Denys Duchier},
  title = 	 {Topological Dependency Analysis of the {D}utch Verb Cluster},
  institution =  {Saarland University},
  year = 	 2002
}
@InProceedings{Debusmann01esslli,
  author =       {Ralph Debusmann},
  title =        {Movement as Well-Formedness Conditions},
  booktitle =    {Proceedings of the Sixth ESSLLI Student Session},
  year =         2001,
  address =      {Helsinki/FI}
}
@InCollection{Debusmann03,
  author =       {Ralph Debusmann},
  title =        {Dependency Grammar as Graph Description},
  booktitle =    {Prospects and Advances in the Syntax/Semantics Interface},
  pages =        {79--84},
  publisher =    {LORIA},
  year =         2003,
  editor =       {Denys Duchier},
  series =       {Lorraine-Saarland Workshop Series},
  address =      {Nancy/FR}
}
@InCollection{Debusmann03demo,
  author =       {Ralph Debusmann},
  title =        {A Parser System for {E}xtensible {D}ependency {G}rammar},
  booktitle =    {Prospects and Advances in the Syntax/Semantics Interface},
  pages =        {103--106},
  publisher =    {LORIA},
  year =         2003,
  editor =       {Denys Duchier},
  series =       {Lorraine-Saarland Workshop Series},
  address =      {Nancy/FR}
}
@InProceedings{Debusmann04,
  author =       {Ralph Debusmann},
  title =        {Multiword Expressions as Dependency Subgraphs},
  booktitle =    {Proceedings of the ACL 2004 Workshop on Multiword Expressions: Integrating Processing},
  year =         2004,
  address =      {Barcelona/ES},
}
@Misc{DebusmannDuchier04ESSLLI,
  author =       {Ralph Debusmann and Denys Duchier},
  title =        {A Comparative Introduction to Extensible Dependency Grammar},
  year =         2004,
  note =         {Introductory course at the 16th European Summer School in Logic, Language and Information, ESSLLI 2004, Nancy, http://www.ps.uni-sb.de/\textasciitilde rade/talks.html}
}
@Misc{Debusmann04Fopra,
  author =	 {Ralph Debusmann},
  title =	 {Modeling natural language with {T}opological {D}ependency {G}rammar},
  year =	 2004,
  note =	 {Fortgeschrittenenpraktikum/Softwareprojekt, Wintersemester 2003/2004}
}
@Misc{DebusmannDuchier07XDK,
  author =       {Ralph Debusmann and Denys Duchier},
  title =        {{XDG} Development Kit},
  year =         2007,
  note =         {http://www.mozart-oz.org/mogul/info/debusmann/xdk.html}
}
@InProceedings{DebusmannEtal04TAG,
  author =       {Ralph Debusmann and Denys Duchier and Marco Kuhlmann and Stefan Thater},
  title =        {{TAG} as Dependency Grammar},
  booktitle =    {Proceedings of TAG+7},
  year =         2004,
  address =      {Vancouver/CA}
}
@InProceedings{DebusmannEtal04SS,
  author =       {Ralph Debusmann and Denys Duchier and Alexander Koller and Marco Kuhlmann and Gert Smolka and Stefan Thater},
  title =        {A Relational Syntax-Semantics Interface Based on Dependency Grammar},
  booktitle =    {Proceedings of COLING 2004},
  year =         2004,
  address =      {Geneva/CH}
}
@InProceedings{DebusmannEtal04DG,
  author =       {Ralph Debusmann and Denys Duchier and Geert-Jan M. Kruijff},
  title =        {Extensible {D}ependency {G}rammar: A New Methodology},
  booktitle =    {Proceedings of the COLING 2004 Workshop on Recent Advances in Dependency Grammar},
  year =         2004,
  address =      {Geneva/CH},
}
@InProceedings{DebusmannEtal04MOZ,
  author =       {Ralph Debusmann and Denys Duchier and Joachim Niehren},
  title =        {The {XDG} Grammar Development Kit},
  booktitle =    {Proceedings of the MOZ04 Conference},
  year =         2004,
  address =      {Charleroi/BE},
  series =       {Lecture Notes in Computer Science},
  publisher =    {Springer},
  volume =       3389,
  pages =        {190--201},
}
@InProceedings{DebusmannEtal04CSLP,
  author =       {Ralph Debusmann and Denys Duchier and Marco Kuhlmann},
  title =        {Multi-dimensional Graph Configuration for Natural Language Processing},
  booktitle =    {Proceedings of the International Workshop on Constraint Solving and Language Processing},
  year =         2004,
  address =      {Roskilde/DEN},
  publisher =    {Springer}
}
@InProceedings{DebusmannEtal05CICLING,
  author =       {Ralph Debusmann and Oana Postolache and Maarika Traat},
  title =        {A Modular Account of Information Structure in {E}xtensible {D}ependency {G}rammar},
  booktitle =    {Proceedings of the CICLING 2005 Conference},
  year =         2005,
  address =      {Mexico City/MX},
  publisher =    {Springer},
}
@InProceedings{DebusmannEtal05Types,
  author = 	 {Ralph Debusmann and Denys Duchier and Andreas Rossberg},
  title = 	 {Modular Grammar Design with Typed Parametric Principles},
  booktitle =	 {Proceedings of FG-MOL 2005},
  year =	 2005,
  address =	 {Edinburgh/UK},
}
@InProceedings{DebusmannSmolka06,
  author = 	 {Ralph Debusmann and Gert Smolka},
  title = 	 {Multi-dimensional Dependency Grammar as Multigraph Description},
  booktitle =	 {Proceedings of FLAIRS-19},
  year =	 2006,
  address =      {Melbourne Beach/US},
  publisher =    {AAAI}
}
@PhdThesis{Debusmann06,
  author = 	 {Ralph Debusmann},
  title = 	 {Extensible Dependency Grammar: A Modular Grammar Formalism Based On Multigraph Description},
  school = 	 {Universit{\"a}t des Saarlandes},
  year = 	 2006,
  month =	 4
}
@InCollection{DenBestenRutten89,
  author =       {Hans den Besten and Jean Rutten},
  title =        {On Verb Raising, Extraposition, and Free Word Order in {D}utch},
  booktitle =    {Sentential Complementation and the Lexicon},
  publisher =    {Kluwer},
  year =         1989,
  editor =       {D. Jaspars and W. Klooster and Y. Putseys and P. Seuren},
  address =      {Dordrecht/NL}
}
@InProceedings{DienesEtal03,
  author =       {Peter Dienes and Alexander Koller and Marco Kuhlmann},
  title =        {Statistical {A*} Dependency Parsing},
  year =         2003,
  booktitle =    {Prospects and Advances in the Syntax/Semantics Interface},
  address =      {Nancy/FR}
}
@InCollection{Dowty89,
  author =       {David R. Dowty},
  title =        {On the Semantic Content of the Notion of ``Thematic Role''},
  booktitle =    {Properties, Types and Meanings},
  pages =        {69--129},
  publisher =    {Kluwer},
  year =         1989,
  editor =       {Gennaro Chierchia and Barbara H. Partee and Ray Turner},
  volume =       2,
  address =      {Dordrecht/NL}
}
@Article{Dowty91,
  author = 	 {David Dowty},
  title = 	 {Thematic Proto-roles and Argument Selection},
  journal = 	 {Language},
  year = 	 1991,
  volume =	 67,
  pages =	 {547--619}
}
@InProceedings{Duchier99,
  author =       {Denys Duchier},
  title =        {Axiomatizing Dependency Parsing Using Set Constraints},
  booktitle =    {Proceedings of MOL 6},
  year =         1999,
  address =      {Orlando/US},
}
@InProceedings{DuchierThater99,
  author = 	 {Denys Duchier and Stefan Thater},
  title = 	 {Parsing with Tree Descriptions: A Constraint-Based Approach},
  booktitle =	 {In Sixth International Workshop on Natural Language Understanding and Logic Programming (NLULP 99)},
  pages =	 {17--32},
  year =	 1999,
  address =	 {Las Cruces/US}
}
@InProceedings{Duchier01,
  author =       {Denys Duchier},
  title =        {Lexicalized Syntax and Topology for Non-projective Dependency Grammar},
  booktitle =    {Proceedings of MOL 8},
  year =         2001,
  address =      {Helsinki/FI}
}
@InProceedings{DuchierDebusmann01,
  author =       {Denys Duchier and Ralph Debusmann},
  title =        {Topological Dependency Trees: A Constraint-Based Account of Linear Precedence},
  booktitle =    {Proceedings of ACL 2001},
  year =         2001,
  address =      {Toulouse/FR}
}
@Misc{DuchierDebusmann02parser,
  author =       {Denys Duchier and Ralph Debusmann},
  title =        {Topological {D}ependency {G}rammar 1.2},
  year =         2002,
  note =         {http://www.mozart-oz.org/mogul/info/duchier/coli/dg.html}
}
@Article{Duchier03,
  author =       {Denys Duchier},
  title =        {Configuration of Labeled Trees under Lexicalized Constraints and Principles},
  journal =      {Research on Language and Computation},
  year =         2003,
  volume =       1,
  number =       {3--4},
  pages =        {307--336}
}
@InProceedings{DuchierLeRouxParmentier04,
  author =       {Denys Duchier and Joseph {Le Roux} and Yannick Parmentier},
  title =        {The {M}etagrammar Compiler: An {NLP} Application with a Multi-paradigm Architecture},
  booktitle =    {Proceedings of the MOZ04 Conference},
  year =         2004,
  address =      {Charleroi/BE},
  publisher =    {Springer},
  volume =       3389,
}
%E
@Article{Earley70,
  author = 	 {Jay Earley},
  title = 	 {An Efficient Context-Free Parsing Algorithm},
  journal = 	 {Communications of the ACM},
  year = 	 1970,
  volume =	 13,
  number =       2,
  pages =        {451--455}
}
@Article{EggEtal01,
  author =       {Markus Egg and Alexander Koller and Joachim Niehren},
  title =        {The {C}onstraint {L}anguage for {L}ambda {S}tructures},
  journal =      {Journal of Logic, Language, and Information},
  year =         2001
}
@InProceedings{EggEtal98,
  author =       {Markus Egg and Joachim Niehren and Peter Ruhrberg and Feiyu Xu},
  title =        {Constraints over Lambda-Structures in Semantic Underspecification},
  booktitle =    {Proceedings of COLING/ACL 1998},
  pages =        {353--359},
  year =         1998,
  address =      {Montr{\'e}al/CA},
}
@TechReport{EngelSchumacher76,
  author = 	 {Ulrich Engel and Helmut Schumacher},
  title = 	 {Kleines {V}alenzlexikon deutscher {V}erben},
  institution =  {IDS Mannheim},
  year = 	 1976
}
@Book{Erdmann1886,
  author =       {O. Erdmann},
  year =         1886,
  title =        {Grundz{\"u}ge der deutschen {S}yntax nach ihrer geschichtlichen {E}ntwicklung dargestellt},
  publisher =    {Erste Abteilung},
  address =      {Stuttgart/DE}
}
@InProceedings{ErkNiehren00,
  author =       {Katrin Erk and Joachim Niehren},
  title =        {Parallelism Constraints},
  booktitle =    {International Conference on Rewriting Techniques and Applications},
  pages =        {110--126},
  year =         2000,
  volume =       1833,
  series =       {Lecture Notes in Computer Science},
  address =      {Norwich/UK},
  publisher =    {Springer-Verlag, Berlin}
}
@InProceedings{ErkEtal03,
  author = 	 {Katrin Erk and Andrea Kowalski and Sebastian Pado and Manfred Pinkal},
  title = 	 {Towards a Resource for Lexical Semantics: A Large {G}erman Corpus with Extensive Semantic Annotation},
  booktitle =	 {Proceedings of ACL 2003},
  year =	 2003,
  address =	 {Sapporo/JP}
}
%F
@InCollection{Fillmore68,
  author = 	 {Charles Fillmore},
  title = 	 {The Case for Case},
  booktitle = 	 {Universals in linguistic theory},
  year =	 1968
}
@Book{Fischer97,
  author =	 {Klaus Fischer},
  title = 	 {German-{E}nglish Verb Valency},
  publisher = 	 {Narr},
  year = 	 1997
}
@PhdThesis{Flickinger87,
  author = 	 {Daniel Flickinger},
  title = 	 {Lexical Rules in the Hierarchical Lexicon},
  school = 	 {Stanford University},
  year = 	 1987,
  address =	 {Stanford/US}
}
@InProceedings{ForstEtal04,
  author = 	 {Martin Forst and Nuria Bertomeu and Berthold Crysmann and Frederik Fouvry and Silvia Hansen-Schirra and Valia Kordoni},
  title = 	 {Towards a Dependency-Based Gold Standard for {G}erman Parsers---The {TiGer} Dependency Bank},
  booktitle =	 {Proceedings of the 5th Int.\ Workshop on Linguistically Interpreted Corpora},
  year =	 2004,
  address =	 {Geneva/CH}
}
@InCollection{FouvryMeurers00,
  author =       {Frederik Fouvry and Detmar Meurers},
  year =         2000,
  title =        {Towards a Platform for Linearization Grammars},
  booktitle =    {Proceedings of the Workshop on Linguistic Theory and
		  Grammar Implementation},
  pages =        {153--168},
  publisher =    {ESSLLI 2000},
  editor =       {Erhard W. Hinrichs and Detmar Meurers and Shuly Wintner},
  address =      {Birmingham/UK}
}
@Book{Frank02,
  author =       {Robert Frank},
  title =        {Phrase Structure Composition and Syntactic Dependencies},
  publisher =    {MIT Press},
  address =      {Cambridge/US},
  year =         {2002}
}
@InProceedings{Frank04,
  author = 	 {Anette Frank},
  title = 	 {Constraint-based {RMRS} Construction from Shallow Grammars},
  booktitle =	 {Proceedings of HPSG 2004},
  year =	 2004,
  address =	 {Leuven/BE}
}
@InCollection{FrankErk04,
  author = 	 {Anette Frank and Katrin Erk},
  title = 	 {Towards an {LFG} Syntax-Semantics Interface for Frame Semantics Annotation},
  booktitle = 	 {Computational Linguistics and Intelligent Text Processing},
  publisher =	 {Springer Verlag},
  year =	 2004,
  editor =	 {Alexander Gelbukh},
  series =	 {Lecture Notes in Computer Science}
}
@InProceedings{FrankGenabith01,
  author = 	 {Anette Frank and Josef van Genabith},
  title = 	 {{GlueTag}. {L}inear {L}ogic-Based Semantics for {LTAG}---and What It Teaches Us about {LFG} and {LTAG}},
  booktitle =	 {Proceedings of the LFG01 Conference},
  year =	 2001,
  editor =	 {Miriam Butt and Tracy Holloway King},
  address =	 {Hong Kong/HK}
}

@Article{FriedlandIwasaki85,
  author =       {Peter Friedland and Yumi Iwasaki},
  title =        {The Concepts and Implementation of Skeletal Plans},
  journal =      {Journal of Automated Reasoning},
  year =         1985,
  volume =       {1},
  pages =        {161--208}
}
@InProceedings{FuchssEtal04,
  author =       {Ruth Fuchss and Alexander Koller and Joachim Niehren and Stefan Thater},
  title =        {Minimal Recursion Semantics as Dominance Constraints: Translation, Evaluation, and Analysis},
  booktitle =    {Proceedings of ACL 2004},
  year =         2004,
  address =      {Barcelona/ES}
}
%G
@InProceedings{GabsdilEtal01,
  author =       {Malte Gabsdil and Alexander Koller and Kristina Striegnitz},
  title =        {Building a Text Adventure on Description Logic},
  booktitle =    {Proceedings of KI-2001 Workshop on Applications of Description Logics},
  year =         2001,
  address =      {Vienna/AT}
}
@Article{Gaifman65,
  author =       {Haim Gaifman},
  year =         1965,
  title =        {Dependency Systems and Phrase-Structure Systems},
  journal =      {Information and Control},
  volume =       8,
  number =       3,
  pages =        {304--337},
}
@InProceedings{GardentKallmeyer03,
  author = 	 {Claire Gardent and Laura Kallmeyer},
  title = 	 {Semantic Construction in {FTAG}},
  booktitle =	 {Proceedings of EACL 2003},
  year =	 2003,
  address =	 {Budapest/HU}
}
@InProceedings{GardentThater01,
  author = 	 {Claire Gardent and Stefan Thater},
  title = 	 {Generating with a Grammar Based on Tree Descriptions: A Constraint-Based Approach},
  booktitle =	 {ACL 2001 Proceedings},
  year =	 2001,
  address =	 {Toulouse/FR}
}
@Book{GazdarEtal85,
  author =       {Gerald Gazdar and Ewan Klein and Geoffrey Pullum and Ivan Sag},
  year =         1985,
  title =        {Generalized {P}hrase {S}tructure {G}rammar},
  publisher =    {B. Blackwell},
  address =      {Oxford/UK},
}
@InProceedings{GerdesKahane01,
  author =       {Kim Gerdes and Sylvain Kahane},
  year =         2001,
  title =        {Word Order in {G}erman: A Formal Dependency Grammar Using a Topological Hierarchy},
  booktitle =    {ACL 2001 Proceedings},
  address =      {Toulouse/FR}
}
@PhdThesis{Girard72,
  author = 	 {Jean-Yves Girard},
  title = 	 {Interpr{\'e}tation fonctionnelle et {\'e}limination des coupures de l'arithm{\'e}tique d'ordre sup{\'e}rieur},
  school = 	 {Universit{\'e} Paris VII},
  year = 	 1972
}
@InProceedings{GrabowskiKuhlmannMoehl05,
  author = 	 {Robert Grabowski and Marco Kuhlmann and Mathias M{\"o}hl},
  title = 	 {Lexicalised {C}onfiguration {G}rammars},
  booktitle =    {Proceedings of the Second International Workshop on Constraint Solving and Language Processing},
  year =         2005,
  address =      {Sitges/ES},
  publisher =    {Springer},
}
@InCollection{Greenberg66,
  author =       {Joseph H. Greenberg},
  title =        {Some Universals of Grammar with Particular Reference to the Order of Meaningful Elements},
  booktitle =    {Universals of Language},
  pages =        {73--114},
  publisher =    {MIT Press},
  year =         1966,
  editor =       {Joseph H. Greenberg},
  address =      {Cambridge/US},
  note =         {second edition}
}
@PhdThesis{Goldsmith79,
  author =       {John Goldsmith},
  title =        {Autosegmental Phonology},
  school =       {MIT},
  year =         1979,
}
@Book{Goldsmith90,
  author =       {John Goldsmith},
  title =        {Autosegmental and Metrical Phonology},
  publisher =    {Blackwell},
  year =         1990,
  address =      {Cambridge/US}
}
@InProceedings{Goodman97,
  author = 	 {Joshua Goodman},
  title = 	 {Probabilistic Feature Grammars},
  booktitle =	 {Proceedings of the International Workshop on Parsing Technologies},
  year =	 1997
}
@Book{Grewendorf88,
  author =       {G{\"u}nther Grewendorf},
  year =         1988,
  title =        {Aspekte der deutschen {S}yntax. {E}ine
		 {R}ektions-{B}indungs-{A}nalyse},
  series =       {Studien zur deutschen Grammatik 33},
  address =      {T{\"u}bingen/DE},
  publisher =    {Gunter Narr},
}
@InCollection{Gross64,
  author =       {Maurice Gross},
  title =        {On the Equivalence of Models of Language Used in the Fields of Mechanical Translation and Information Retrieval},
  booktitle =    {Information Storage and Retrieval},
  pages =        {43--57},
  publisher =    {Harvard University},
  year =         1964,
}
@InProceedings{GuptaLamping98,
  author =       {V. Gupta and J. Lamping},
  title =        {Efficient Linear Logic Meaning Assembly},
  booktitle =    {Proceedings of COLING/ACL 1998},
  year =         1998,
  address =      {Montr{\'e}al/CA},
}
%H
@Book{Haegemann94,
  author =	 {Liliane Haegemann},
  title = 	 {Introduction to {G}overnment and {B}inding Theory},
  publisher = 	 {Oxford University Press},
  year = 	 1994
}
@Article{Haider85,
  author =       {Hubert Haider},
  title =        {Der {R}attenf{\"a}ngerei muss ein {E}nde gemacht werden},
  journal =      {wiener linguistische gazette},
  year =         1985,
  pages =        {27--50}
}
@Misc{Halliday61,
  author =       {Michael A. K. Halliday},
  title =        {Categories of the Theory of Grammar},
  year =         1961
}
@Article{Halliday67,
  author =       {Michael Alexander Kirkwood Halliday},
  title =        {Notes on Transitivity and Theme in {E}nglish, Part {II}},
  journal =      {Journal of Linguistics},
  year =         1967,
  volume =       3,
  pages =        {199--244}
}
@Book{Halliday94,
  author =       {Michael A. K. Halliday},
  title =        {Introduction to {F}unctional {G}rammar},
  publisher =    {Edward Arnold},
  year =         1994,
  address =      {London/UK}
}
@Book{Harary94,
  author =	 {F. Harary},
  title = 	 {Graph Theory},
  publisher = 	 {Addison-Wesley},
  year = 	 1994,
  address =	 {Reading/US}
}
@InProceedings{HarperEtal99,
  author =       {Mary P. Harper and Stephen A. Hockema and Christopher M. White},
  title =        {Enhanced Constraint Dependency Parsers},
  booktitle =    {Proceedings of the IASTED International Conference on Artificial Intelligence and Soft Computing},
  year =         1999,
  address =      {Honolulu/US}
}
@Book{Hawkins83,
  author =       {John A. Hawkins},
  title =        {Word Order Universals},
  publisher =    {Academic Press},
  year =         1983
}
@Article{Hays64,
  author =       {David G. Hays},
  year =         1964,
  title =        {Dependency Theory: A Formalism and Some Observations},
  journal =      {Language},
  volume =       40,
  pages =        {511--525},
}
@InProceedings{HeineckeEtal98,
  author =       {Johannes Heinecke and J{\"u}rgen Kunze and Wolfgang Menzel and Ingo Schr{\"o}der},
  title =        {Eliminative Parsing with Graded Constraints},
  booktitle =    {Proceedings of COLING/ACL 1998},
  pages =        {526--530},
  year =         1998,
  address =      {Montr{\'e}al/CA}
}
@Book{HelbigSchenkel75,
  author =	 {Gerhard Helbig and Wolfgang Schenkel},
  title = 	 {W{\"o}rterbuch zur {V}alenz und {D}istribution deutscher {V}erben},
  publisher = 	 {VEB Bibliographisches Institut},
  year = 	 1975
}
@Book{Helbig95,
  author =	 {Gerhard Helbig},
  title = 	 {Probleme der {V}alenz- und {K}asustheorie},
  publisher = 	 {Narr},
  year = 	 1995
}
@InProceedings{Hellwig86,
  author =       {Peter Hellwig},
  year =         1986,
  title =        {Dependency Unification Grammar},
  booktitle =    {Proceedings of COLING 1986},
  pages =        {195--198},
}
@Article{HentenryckSaraswat96,
  author = 	 {Pascal Van Hentenryck and Vijay Saraswat},
  title = 	 {Strategic Directions in Constraint Programming},
  journal = 	 {ACM Computing Surveys},
  year = 	 1996,
  volume =	 28,
  number =	 4,
  pages =	 {701--726}
}
@Article{HenzEtal04,
  author = 	 {Martin Henz and Tobias M{\"u}ller and Sven Thiel},
  title = 	 {Global Constraints for Round Robin Tournament Scheduling},
  journal = 	 {European Journal of Operational Research (EJORS)},
  year = 	 2004
}
@Misc{Herling1821,
  author =       {S.H.A. Herling},
  year =         1821,
  title =        {{\"U}ber die {T}opik der deutschen {S}prache},
  journal =      {Abhandlungen des frankfurterischen {G}elehrtenvereines f{\"u}r deutsche {S}prache},
  pages =        {296--362},
  address =      {Frankfurt Main/DE},
}
@InProceedings{HinrichsNakazawa89,
  author =       {Erhard Hinrichs and Tsuneko Nakazawa},
  title =        {Flipped out: Aux in {G}erman},
  booktitle =    {Papers from the 25th Meeting of the Chicago Linguistic Society},
  pages =        {193--202},
  year =         1989,
  address =      {Chicago/US},
}
@PhdThesis{Higgins02,
  author =       {Derrick Higgins},
  title =        {A Multi-Modular Approach to Model Selection in Statistical Natural Language Processing},
  school =       {University of Chicago},
  year =         2002
}
@InProceedings{Higgins98,
  author = 	 {Derrick Higgins},
  title = 	 {Parsing Parallel Grammatical Representations},
  booktitle =    {Proceedings of COLING/ACL 1998},
  address =      {Montr{\'e}al/CA},
  year =	 1998
}
@InCollection{HinrichsNakazawa94,
  author =       {Erhard Hinrichs and Tsuneko Nakazawa},
  year =         1994,
  title =        {Linearizing {AUXs} in {G}erman Verbal Complexes},
  booktitle =    {German in Head-Driven Phrase Structure Grammar},
  editor =       {John Nerbonne and Klaus Netter and Carl Pollard},
  publisher =    {CSLI},
  pages =        {11--37},
  address =      {Stanford/US},
}
@Article{HigginsSadock03,
  author =       {Derrick Higgins and Jerrold M. Sadock},
  title =        {A Machine Learning Approach to Modeling Scope Preferences},
  journal =      {Computational Linguistics},
  year =         2003
}
@InCollection{HinrichsNakazawa99,
  author =       {Erhard Hinrichs and Tsuneko Nakazawa},
  title =        {{VP} Relatives in {G}erman},
  booktitle =    {Constraints and Resources in Natural Language Syntax and
		  Semantics},
  pages =        {63--81},
  publisher =    {CSLI Publications},
  year =         1999,
  editor =       {Gosse Bouma and Erhard Hinrichs and Geert-Jan M. Kruijff and Richard Oehrle},
  address =      {Stanford/US}
}
@InCollection{Hirschbuehler82,
  author = 	 {P. Hirschb{\"u}hler},
  title = 	 {VP Deletion Across the Board Quantifier Scope},
  booktitle = 	 {NELS 12},
  publisher =	 {University of Massachusetts},
  year =	 1982,
  editor =	 {J. Pustejovsky and P. Sells}
}
@InProceedings{Hoehle86,
  author =       {Tilman H{\"o}hle},
  year =         1986,
  title =        {Der {B}egriff ``{M}ittelfeld'', {A}nmerkungen {\"u}ber die {T}heorie der topologischen {F}elder},
  booktitle =    {Akten des 7. Internationalen Germanisten-Kongresses},
  pages =        {329--340},
  editor =       {Walter Weiss and Herbert Ernst Wiegand and Marga Reis},
  publisher =    {Max Niemeyer Verlag},
  address =      {T{\"u}bingen/DE},
}
@MastersThesis{Hoeksema91,
  author =       {Jack Hoeksema},
  title =        {A Categorial Theory of Reanalysis Phenomena},
  school =       {RUG Groningen},
  year =         1991
}
@Article{Houtman84,
  author =       {Joop Houtman},
  title =        {Een kategoriale beschrijving van het {N}ederlands},
  journal =      {TABU},
  year =         1984,
  volume =       1,
  number =       14,
  pages =        {1--27}
}
@Article{HolanEtal00,
  author = 	 {Tom{\'a}s Holan and Vladislav Kubon and Karel Oliva and Martin Platek},
  title = 	 {On Complexity of Word-Order},
  journal = 	 {Journal t.a.l.},
  year = 	 2000,
  pages =	 {273--301}
}
@Book{Hudson90,
  author =       {Richard A. Hudson},
  year =         1990,
  title =        {English Word Grammar},
  publisher =    {B. Blackwell},
  address =      {Oxford/UK},
}
%I
@InProceedings{IordanskajaEtal92,
  author = 	 {Lidija Iordanskaja and Richard I. Kittredge and Benoit Lavoie and Alain Polgu{\'e}re},
  title = 	 {Generation of Extended Bilingual Statistical Reports},
  booktitle =	 {Proceedings of COLING 1992},
  pages =	 {1019--1023},
  year =	 1992,
  address =	 {Nantes/FR}
}
@Unpublished{IordanskajaMelcuk05,
  author = 	 {Lidija Iordanskaja and Igor Mel'\v{c}uk},
  title = 	 {Towards Establishing an Inventory of Surface-Syntactic Relations: Valency-Controled Surface-Syntactic Dependents of Verb in French},
  note = 	 {to appear},
  year =	 2005
}
%J
@Book{Jackendoff77,
  author =       {Ray Jackendoff},
  year =         1977,
  title =        {{\={X}} Syntax: A Study of Phrase Structure},
  publisher =    {MIT Press},
  number =       2,
  series =       {Linguistic Inquiry Monographs},
  address =      {Cambridge/US},
}
@Article{Jackendoff87,
  author = 	 {Ray Jackendoff},
  title = 	 {The Status of Thematic Roles in Linguistic Theory},
  journal = 	 {Linguistic Inquiry},
  year = 	 1987,
  number =	 {18:3},
  pages =	 {369--411}
}
@Book{Jackendoff97,
  author =       {Ray Jackendoff},
  title =        {The Architecture of the Language Faculty},
  publisher =    {MIT Press},
  address =      {Cambridge/US},
  year =         1997
}
@Book{Jackendoff02,
  author =       {Ray Jackendoff},
  title =        {Foundations of Language},
  publisher =    {Oxford University Press},
  year =         2002
}
@TechReport{JaervinenTapanainen97,
  author =       {Timo J{\"a}rvinen and Pasi Tapanainen},
  year =         1997,
  title =        {A Dependency Parser for {E}nglish},
  institution =  {Department of General Linguistics, University of Helsinki},
  address =      {Helsinki/FI},
}
@InProceedings{JaffarLassez88,
  author = 	 {J. Jaffar and J-L. Lassez},
  title = 	 {From Unification to Constraints},
  booktitle =	 {Proceedings of the 6th Conference on Logic programming '87},
  pages =	 {1--18},
  year =	 1988,
  address =	 {Tokyo/JP},
  publisher =	 {Springer}
}
@Article{JaffarMaher94,
  author = 	 {Joxan Jaffar and Michael M. Maher},
  title = 	 {Constraint {L}ogic {P}rogramming: A Survey},
  journal = 	 {The Journal of Logic Programming},
  year = 	 1994,
  volume =	 {19/20},
  pages =	 {503--582},
  note =	 {Special Issue: Ten Years of Logic Programming}
}
@TechReport{Johnson88,
  author =       {Mark Johnson},
  title =        {Attribute Value Logic and the Theory of Grammar},
  institution =  {Center for the Study of Language and Information},
  year =         1988,
  address =      {Stanford/US}
}
@Book{Jones03,
  author =	 {Simon Peyton Jones},
  title = 	 {Haskell 98 Language and Libraries},
  publisher = 	 {Cambridge University Press},
  year = 	 2003
}
@Article{JoshiEtal75,
  author =       {Aravind K. Joshi and L.S. Levy and M. Takahashi},
  title =        {Tree {A}djunct {G}rammars},
  journal =      {Journal of Computer and System Sciences},
  year =         1975,
  volume =       10,
  number =       1
}
@InCollection{Joshi85,
  author =       {Aravind K. Joshi},
  title =        {How Much Context-Sensitivity is Necessary for Characterizing Structural Descriptions---{T}ree {A}djoining {G}rammars},
  booktitle =    {Natural Language Processing---Theoretical, Computational and Psychological Perspectives},
  publisher =    {Cambridge University Press},
  year =         1985,
  editor =       {D. Dowty and L. Karttunen and A. Zwicky},
  address =      {New York/US}
}
@InCollection{Joshi87,
  author =       {Aravind K. Joshi},
  year =         1987,
  title =        {An Introduction to Tree-Adjoining Grammars},
  booktitle =    {Mathematics of Language},
  editor =       {Alexis Manaster-Ramer},
  publisher =    {John Benjamins},
  address =      {Amsterdam/NL},
  pages =        {87--115},
}
@InProceedings{JoshiSchabes89,
  author = 	 {Aravind K. Joshi and Yves Schabes},
  title = 	 {The Relevance of Lexicalization to Parsing},
  booktitle =	 {Proceedings of the International Workshop on Parsing Technologies},
  year =	 1989,
  address =	 {Pittsburgh/US},
  organization = {Carnegie-Mellon University}
}
@InProceedings{JoshiRambow03,
  author =       {Aravind Joshi and Owen Rambow},
  title =        {A Formalism for Dependency Grammar Based on {T}ree {A}djoining {G}rammar},
  booktitle =    {Proceedings of MTT 2003},
  pages =        {207--216},
  year =         2003,
  address =      {Paris/FR}
}
@InBook{JoshiEtal91,
  author =	 {Aravind K. Joshi and Vijay K. Shanker and David Weir},
  title = 	 {Processing of Linguistic Structure},
  chapter = 	 {The Convergence of Mildly Context-Sensitive Formalisms},
  publisher = 	 {MIT Press},
  year = 	 1991,
  address =	 {Cambridge/US},
  pages =	 {31--81}
}
@InProceedings{JoshiShanker99,
  author = 	 {Aravind K. Joshi and Vijay K. Shanker},
  title = 	 {Compositional Semantics with {L}exicalized {T}ree {A}djoining {G}rammar ({LTAG}): How Much Underspecification is Necessary?},
  booktitle =	 {Proceedings of the Third International Workshop on Computational Semantics (IWCS-3)},
  pages =	 {131--145},
  year =	 1999,
  editor =	 {H. C. Blunt and E. G. C. Thijsse},
  address =	 {Tilburg/NL}
}
@InProceedings{JoshiSrinivas94,
  author = 	 {Aravind K. Joshi and Srinivas Bangalore},
  title = 	 {Disambiguation of Super Parts of Speech (or Supertags): Almost Parsing},
  booktitle =	 {Proceedings of COLING 1994},
  year =	 1994,
  address =	 {Kyoto/JP}
}
%K
@Article{Kahane01,
  author = 	 {Sylvain Kahane},
  title = 	 {A Fully Lexicalized Grammar for French based on {M}eaning-{T}ext {T}heory},
  journal = 	 {Computational Linguistics},
  year = 	 2001,
}
@Book{Kahane02,
  author =       {Sylvain Kahane},
  title =        {Grammaire d'{U}nification {S}ens-{T}exte: {V}ers un mod{\`e}le math{\'e}matique articul{\'e} de la langue},
  publisher =    {Universit{\'e} Paris 7},
  year =         2002,
  note =         {Document de synth{\`e}se de l'habilitation {\`a} diriger les recherches}
}
@InProceedings{Kahane03,
  author =       {Sylvain Kahane},
  title =        {On the Status of Deep-Syntactic Structure},
  booktitle =    {Proceedings of MTT 2003},
  year =         2003,
  address =      {Paris/FR}
}
@InBook{Kahane03MTT,
  author =	 {Sylvain Kahane},
  title = 	 {Dependency and Valency},
  chapter = 	 {The {M}eaning-{T}ext {T}heory},
  publisher = 	 {De Gruyter},
  year = 	 2003,
  address =	 {Berlin/DE}
}
@InProceedings{KahaneEtal98,
  author =       {Sylvain Kahane and Alexis Nasr and Owen Rambow},
  year =         1998,
  title =        {Pseudo-Projectivity: A Polynomially Parsable Non-projective Dependency Grammar},
  booktitle =    {Proceedings of COLING/ACL 1998},
  address =      {Montr{\'e}al/CA},
}
@Article{KallmeyerJoshi03,
  author = 	 {Laura Kallmeyer and Aravind K. Joshi},
  title = 	 {Factoring Predicate Argument and Scope Semantics: Underspecified Semantics with {LTAG}},
  journal = 	 {Research on Language and Computation},
  year = 	 2003,
  volume =	 1,
  number =	 {1--2},
  pages =	 {3--58}
}
@TechReport{KaplanMaxwell96,
  author = 	 {Ronald M. Kaplan and John T. Maxwell},
  title = 	 {{LFG} Grammar Writer's Workbench},
  institution =  {Xerox PARC},
  year = 	 1996
}
@Book{Kathol00,
  author =       {Andreas Kathol},
  year =         2000,
  title =        {Linear Syntax},
  publisher =    {Oxford University Press},
}
@PhdThesis{Kathol95,
  author =       {Andreas Kathol},
  year =         1995,
  title =        {Linearization-Based {G}erman Syntax},
  school =       {Ohio State University},
  address =      {Ohio/US}
}
@InProceedings{Kathol96,
  author =       {Andreas Kathol},
  title =        {Order Variability in {G}erman and {D}utch Verb Clusters},
  booktitle =    {Computational Linguistics in The Netherlands 1995},
  year =         1996,
  editor =       {Walter Daelemans and Gert Durieux and Steven Gillis},
  address =      {Antwerp/BE}
}
@InCollection{Kathol97,
  author =       {Andreas Kathol},
  title =        {Constituency and Linearization of Verbal Complexes},
  booktitle =    {Complex Predicates in Nonderivational Syntax},
  publisher =    {Academic Press},
  year =         1997,
  editor =       {Erhard Hinrichs and Tsuneko Nakazawa and Andreas Kathol},
  address =      {New York/US}
}
@Article{KatzFodor63,
  author = 	 {J. J. Katz and J. A. Fodor},
  title = 	 {The Structure of a Semantic Theory},
  journal = 	 {Language},
  year = 	 1963
}
@InProceedings{Kay79,
  author = 	 {Martin Kay},
  title = 	 {Functional {G}rammar},
  booktitle =	 {Proceedings of the 5th Annual Meeting of the Berkeley Linguistics Society},
  pages =	 {142--158},
  year =	 1979,
  editor =	 {C. Chiarello et al.}
}
@TechReport{Kay80,
  author = 	 {Martin Kay},
  title = 	 {Algorithm Schemata and Data Structures in Syntactic Processing},
  institution =  {Xerox Palo Alto Research Center},
  year = 	 1980,
  note =	 {CSL-80-12}
}
@InProceedings{Kay84,
  author = 	 {Martin Kay},
  title = 	 {Functional {U}nification {G}rammar: A Formalism for Machine Translation},
  booktitle =	 {Proceedings of COLING 1984},
  pages =	 {75--78},
  year =	 1984
}
@Article{KayFillmore99,
  author =       {Paul Kay and Charles J. Fillmore},
  title =        {Grammatical Constructions and Linguistic Generalizations: The What's X Doing Y? Construction},
  journal =      {Language},
  year =         1999,
  volume =       75,
  pages =        {1--33}
}
@InProceedings{KempenHarbusch01,
  author =       {Gerard Kempen and Karin Harbusch},
  title =        {A Uniform Topological Model of Clause Linarization in {D}utch, {E}nglish and {G}erman},
  booktitle =    {Computational Linguistics in The Netherlands 2001},
  year =         2001
}
@InProceedings{KingsburyPalmer02,
  author = 	 {Paul Kingsbury and Martha Palmer},
  title = 	 {From {T}reebank to {P}rop{B}ank},
  booktitle =	 {Proceedings of LREC-2002},
  year =	 2002,
  address =	 {Las Palmas/ES}
}
@InProceedings{KittredgePolguere91,
  author = 	 {Richard I. Kittredge and Alain Polgu{\'e}re},
  title = 	 {Dependency Grammars for Bilingual Text Generation: inside {FoG}'s Stratificational Models},
  booktitle =	 {Proceedings of the International Conference on Current Issues in Computational Linguistics},
  pages =	 {318--330},
  year =	 1991,
  address =	 {Penang/MY}
}
@InProceedings{KoenigJurafsky95,
  author = 	 {J. P. Koenig and D. Jurafsky},
  title = 	 {Type Underspecification and {On}-{line} Type Construction in the Lexicon},
  booktitle =	 {Proceedings of WCCFL94},
  year =	 1995
}
@Misc{KollerEtal00,
  author =       {Alexander Koller and Joachim Niehren and Kristina Striegnitz},
  title =        {Relaxing Underspecified Semantic Representations for Reinterpretation},
  howpublished = {Grammars 3:2--3},
  year =         2000
}
@InProceedings{KollerNiehren00,
   author =      {Alexander Koller and Joachim Niehren},
   title =       {On Underspecified Processing of Dynamic Semantics},
   year =        2000,
   booktitle =   {Proceedings of COLING 2000},
   address =     {Saarbr{\"u}cken/DE}
}
@InProceedings{KollerEtal03,
  author = 	 {Alexander Koller and Joachim Niehren and Stefan Thater},
  title = 	 {Bridging the Gap Between Underspecification Formalisms: Hole Semantics as Dominance Constraints},
  booktitle =	 {Proceedings of EACL 2003},
  year =	 2003,
  address =	 {Budapest/HU}
}
@PhdThesis{Koller04,
  author = 	 {Alexander Koller},
  title = 	 {Constraint-based and graph-based resolution of ambiguities in natural language},
  school = 	 {Universit{\"a}t des Saarlandes},
  year = 	 2004
}
@Article{KollerEtal04,
  author =       {Alexander Koller and Ralph Debusmann and Malte Gabsdil and Kristina Striegnitz},
  title =        {Put My Galakmid Coin into the Dispenser and Kick It: Computational Linguistics and Theorem Proving in a Computer Game},
  journal =      {Journal of Logic, Language and Information},
  year =         2004,
  volume =       13,
  number =       2,
  pages =        {187--206},
}
@Misc{KollerEtal05Utool,
  author =       {Alexander Koller and Marco Kuhlmann and Stefan Thater},
  title =        {utool: The Swiss Army Knife of Underspecification},
  year =         2005,
  note =         {http://utool.sourceforge.org/}
}
@InProceedings{KollerStriegnitz02,
  author =       {Alexander Koller and Kristina Striegnitz},
  title =        {Generation as Dependency Parsing},
  booktitle =    {Proceedings of ACL 2002},
  year =         2002,
  address =      {Philadelphia/US}
}
@Misc{Korthals03,
  author =       {Christian Korthals},
  title =        {Unsupervised Learning of Word Order Rules},
  school =       {Saarland University},
  year =         2003,
  note =         {Diploma thesis}
}
@InProceedings{KorthalsDebusmann02,
  author =       {Christian Korthals and Ralph Debusmann},
  year =         2002,
  title =        {Linking Syntactic and Semantic Arguments in a Dependency-Based Formalism},
  booktitle =    {Proceedings of COLING 2002},
  address =      {Taipei/TW}
}
@Article{Kracht95,
  author = 	 {Marcus Kracht},
  title = 	 {Syntactic codes and grammar refinement},
  journal = 	 {Journal of Language, Logic and Information},
  year = 	 1995,
  volume =	 4,
  pages =	 {41--60}
}
@InProceedings{KrochSantorini87,
  author =       {Anthony S. Kroch and Beatrice Santorini},
  title =        {The Derived Constituent Structure of the West {G}ermanic Verb Raising Construction},
  booktitle =    {Proceedings of the Princeton Workshop on Comparative Grammar},
  year =         1987,
  address =      {Cambridge/US}
}
@PhdThesis{Kruijff01,
  author =       {Geert-Jan M. Kruijff},
  title =        {A Categorial-Modal Architecture of Informativity},
  school =       {Charles University},
  year =         2001,
  address =      {Prague/CZ}
}
@InProceedings{KruijffDuchier03,
  author =       {Geert-Jan M. Kruijff and Denys Duchier},
  title =        {Information Structure in {T}opological {D}ependency {G}rammar},
  booktitle =    {Proceedings of EACL 2003},
  year =         2003,
  address =      {Budapest/HU}
}
@InProceedings{KruijffBaldridge04,
  author =       {Geert-Jan M. Kruijff and Jason Baldridge},
  title =        {Generalizing Dimensionality in {C}ombinatory {C}ategorial {G}rammar},
  booktitle =    {Proceedings of COLING 2004},
  year =         2004,
  address =      {Geneva/CH}
}
@PhdThesis{Kubon01,
  author = 	 {Vladislav Kubon},
  title = 	 {Problems of Robust Parsing of Czech},
  school = 	 {Institute of Formal and Applied Linguistics},
  year = 	 2001,
  address =	 {Prague/CZ}
}
@InProceedings{KubonEtal06,
  author =       {Vladislav Kubon and Mark{\'e}ta Lopatkov{\'a} and Martin Pl{\'a}tek and Patrice Pognan},
  title =        {Segmentation of Complex Sentences},
  booktitle =    {Proceedings of TSD 2006},
  year =         2006,
  pages =        {151--158},
  address =      {Brno/CZ}
}
@MastersThesis{Kuhlmann02,
  author =       {Marco Kuhlmann},
  title =        {Towards a Constraint Parser for Categorial Type Logics},
  school =       {Division of Informatics, University of Edinburgh},
  year =         2002,
  address =      {Edinburgh/UK}
}
@InProceedings{Kuhns86,
  author = 	 {Robert J. Kuhns},
  title = 	 {A {PROLOG} Implementation of {G}overnment-{B}inding Theory},
  booktitle =	 {Proceedings of COLING 1986},
  year =	 1986,
  address =	 {Bonn/DE}
}
@InProceedings{Kuhns90,
  author = 	 {Robert J. Kuhns},
  title = 	 {A {PARLOG} Implementation of {G}overnment-{B}inding Theory},
  booktitle =	 {Proceedings of ACL 1990},
  year =	 1990,
  address =      {Pittsburgh/US}
}
@InCollection{Kunze68,
  author =       {J{\"u}rgen Kunze},
  title =        {The Treatment of Nonprojective in the Syntactic Analysis and Synthesis of {E}nglish and {G}erman},
  booktitle =    {Computational Linguistics},
  pages =        {67--77},
  publisher =    {MIT},
  year =         1968,
  edition =      7
}
@Book{Kunze72,
  author =	 {J{\"u}rgen Kunze},
  title = 	 {Die {A}uslassbarkeit von {S}atzteilen bei koordinativen {V}erbindungen im {D}eutschen},
  publisher = 	 {Akademie Verlag},
  year = 	 1972,
  address =      {Berlin/DE}
}
@Book{Kunze75,
  author =       {J{\"u}rgen Kunze},
  title =        {Abh{\"a}ngigkeitsgrammatik},
  publisher =    {Akademie Verlag},
  year =         1975,
  address =      {Berlin/DE}
}
%L
@Article{Lambek58,
  author = 	 {Joachim Lambek},
  title = 	 {The Mathematics of Sentence Structure},
  journal = 	 {American Mathematics Monthly},
  year = 	 1958,
  volume =	 65,
  pages =	 {154--170}
}
@InProceedings{LavoieRambow97,
  author = 	 {Benoit Lavoie and Owen Rambow},
  title = 	 {{RealPro} --- A Fast, Portable Sentence Realizer},
  booktitle =	 {Proceedings of the 5th Conference on Applied Natural Language Processing (AMLAP 97)},
  pages =	 {265--268},
  year =	 1997,
  address =	 {Washington/US}
}
@Article{Lecerf60,
  author =       {Yves Lecerf},
  title =        {Programme des conflits, mod{\`e}le des conflits.},
  journal =      {Bulletin bimestriel de l'atala},
  year =         1960,
}
@Book{Levelt89,
  author =       {W. J. M. Levelt},
  title =        {Speaking},
  publisher =    {MIT Press},
  address =      {Cambridge/US},
  year =         1989
}
@InBook{Levelt99,
  author =       {W. J. M. Levelt},
  title =        {The Neurocognition of Language},
  chapter =      {Producing Spoken Language},
  publisher =    {Oxford University Press},
  year =         1999,
  address =      {Oxford/UK},
  pages =        {83--122}
}
@Book{Levin93,
  author =	 {Beth Levin},
  title = 	 {English Verb Classes and Alternations},
  publisher = 	 {Chicago University Press},
  year = 	 1993
}
@PhdThesis{Lehmann00,
  author =       {Sabine Lehmann},
  title =        {Towards a Theory of Syntactic Phenomena},
  school =       {Computational Linguistics},
  year =         2000,
  address =      {Saarbr{\"u}cken/DE}
}
@MastersThesis{Lison06,
  author = 	 {Pierre Lison},
  title = 	 {Impl{\'e}mentation d'une Interface S{\'e}mantique-Syntaxe bas{\'e}e sur des Grammaires d'Unification Polaris{\'e}es},
  school = 	 {Univesit{\'e} Catholique de Louvain},
  year = 	 2006
}
%M
@InCollection{Malouf00,
  author =       {Robert Malouf},
  title =        {A Head-Driven Account of Long-Distance Case Assignment},
  booktitle =    {Grammatical Interfaces in HPSG},
  publisher =    {CSLI Publications},
  year =         2000,
}
@InProceedings{MarcusEtal83,
  author =       {Mitchell P. Marcus and Donald Hindle and Margaret M. Fleck},
  title =        {D-Theory: Talking about Talking about Trees},
  booktitle =    {Proceedings of ACL 1983},
  pages =        {129--136},
  year =         1983,
}
@TechReport{MarcusEtal93,
  author = 	 {Mitchell P. Marcus and Beatrice Santorini and Mary Ann Marcinkiewicz},
  title = 	 {Building a Large Annotated Corpus of {E}nglish: the {P}enn {T}reebank},
  institution =  {University of Pennsylvania},
  year = 	 1993
}
@Book{MarriottStuckey98,
  author =	 {Kim Marriott and Peter J. Stuckey},
  title = 	 {Programming with Constraints},
  publisher = 	 {MIT Press},
  year = 	 1998
}
@InProceedings{Maruyama90,
  author =       {H. Maruyama},
  title =        {Structural Disambiguation with Constraint Propagation},
  booktitle =    {Proceedings of ACL 1990},
  pages =        {31--38},
  year =         1990,
  address =      {Pittsburgh/US}
}
@Article{Maxwell93,
  author =       {J. T. Maxwell and R. M. Kaplan},
  title =        {The Interface Between Phrasal and Functional Constraints},
  journal =      {Computational Linguistics},
  year =         1993,
  volume =       19,
  number =       4,
  pages =        {571--590}
}
@Article{McCawley68,
  author = 	 {J. D. McCawley},
  title = 	 {Concerning the Base Component of a {T}ransformational {G}rammar},
  journal = 	 {Foundations of Language},
  year = 	 1968,
  volume =	 4,
  pages =	 {243--269}
}
@InProceedings{MelamedEtal04,
  author =       {I. Dan Melamed and Giorgio Satta and Benjamin Wellington},
  title =        {Generalized {M}ultitext {G}rammars},
  booktitle =    {Proceedings of ACL 2004},
  year =         2004,
  address =      {Barcelona/ES}
}
@Article{MelcukPolguere87,
  author = 	 {Igor Mel'\v{c}uk and Alain Polgu{\`e}re},
  title = 	 {A Formal Lexicon in the {M}eaning-{T}ext {T}heory (or How to Do Lexica with Words)},
  journal = 	 {Computational Linguistics},
  year = 	 1987,
  volume =	 13,
  number =	 {3--4},
  pages =        {261--275}

}
@Book{Melcuk88,
  author =       {Igor Mel'\v{c}uk},
  year =         1988,
  title =        {Dependency Syntax: Theory and Practice},
  publisher =    {State Univ. Press of New York},
  address =      {Albany/US},
}
@InBook{McClellandEtal87,
  author =       {J. L. McClelland and D. E. Rumelhart and G. E. Hinton},
  title =        {Parallel Distributed Processing: Volume 1: Foundations},
  chapter =      {The Appeal of Parallel Distributed Processing},
  publisher =    {MIT Press},
  year =         1987,
  address =      {Cambridge/US}
}
@InProceedings{McCord90,
  author = 	 {Michael C. McCord},
  title = 	 {Slot Grammar: A System for Simpler Construction of Practical Natural Language Grammars},
  booktitle =	 {Proceedings of the International Symposium on Natural Language and Logic},
  pages =	 {118--145},
  year =	 1990,
  publisher =	 {Springer}
}
@InCollection{Melcuk96,
  author =       {Igor Mel'\v{c}uk},
  title =        {Lexical Functions: A Tool for the Description of Lexical Relations in a Lexicon},
  booktitle =    {Lexical Functions in Lexicography and Natural Language Processing},
  publisher =    {John Benjamins},
  year =         1996,
  editor =       {Leo Wanner}
}
@Book{MelcukPertsov87,
  author =       {Igor Mel'\v{c}uk and N. Persov},
  year =         1987,
  title =        {Surface Syntax of {E}nglish: A Formal Model within the {MTT} Framework},
  publisher =    {John Benjamins},
  address =      {Philadelphia/US},
}
@Article{Menzel98,
  author = 	 {Wolfgang Menzel},
  title = 	 {Constraint Satisfaction for Robust Parsing of Spoken Language},
  journal = 	 {Journal of Experimental and Theoretical Artificial Intelligence},
  year = 	 1998,
  volume =	 10,
  number =	 1,
  pages =	 {77--89}
}
@InProceedings{MenzelSchroeder98,
  author =       {Wolfgang Menzel and Ingo Schr{\"o}der},
  title =        {Decision Procedures for Dependency Parsing Using Graded Constraints},
  booktitle =    {Proceedings of the COLING/ACL 1998 Workshop Processing of Dependency-based Grammars},
  year =         1998,
  address =      {Montr{\'e}al/CA}
}
@Misc{Meurers94,
  author =       {Walt Detmar Meurers},
  year =         1994,
  title =        {A Modified View of the {G}erman Verbal Complex},
  note =         {Handout of a talk given on 7. Oktober 1994 at the HPSG workshop in Heidelberg/DE}
}
@Article{MeurersDeKuthy01,
  author =       {Walt Detmar Meurers and Kordula De Kuthy},
  title =        {On Partial Constituent Fronting in {G}erman},
  journal =      {Journal of Comparative Germanic Linguistics},
  year =         2001,
}
@Article{Milward94,
  author =       {David Milward},
  title =        {Dynamic Dependency Grammar},
  journal =      {Linguistics and Philosophy},
  year =         1994,
  volume =       17,
  pages =        {561--604},
}
@Book{Mitchell96,
  author =	 {John C. Mitchell},
  title = 	 {Foundations of Programming Languages},
  publisher = 	 {MIT Press},
  year = 	 1996
}
@InProceedings{MittalFrayman89,
  author =       {Sanjay Mittal and Felix Frayman},
  title =        {Towards a Generic Model of Configuration Tasks},
  booktitle =    {Proceedings of the International Joint Conference on Artificial Intelligence},
  pages =        {1395--1401},
  year =         {1989},
  publisher =    {Morgan Kaufmann}
}
@Misc{Moehl04,
  author =	 {Mathias M{\"o}hl},
  title =	 {Modellierung nat{\"u}rlicher {S}prache mit {H}ilfe von {T}opologischer {D}ependenzgrammatik},
  year =	 2004,
  note =	 {Fortgeschrittenenpraktikum, Saarland University, http://www.ps.uni-sb.de/~rade/papers/related/Moehl04.pdf}
}
@InCollection{Montague74,
  author =       {Richard Montague},
  title =        {The Proper Treatment of Quantification in Ordinary {E}nglish},
  booktitle =    {Formal Philosophy: Selected Papers of Richard Montague},
  publisher =    {Yale University Press},
  year =         1974,
  editor =       {Richmond Thomason}
}
@TechReport{Montanari70,
  author = 	 {Ugo Montanari},
  title = 	 {Networks of Constraints: Fundamental Properties and Application to Picture Processing},
  institution =  {Carnegie Mellon University},
  year = 	 1970
}
@InCollection{Moortgat02,
  author =       {Michael Moortgat},
  title =        {Categorial Grammar and Formal Semantics},
  booktitle =    {Encyclopedia of Cognitive Science},
  publisher =    {Nature Publishing Group, MacMillan},
  year =         2002,
  note =         {To appear}
}
@PhdThesis{Moortgat88,
  author =       {Michael Moortgat},
  title =        {Categorial Investigations},
  school =       {University of Amsterdam},
  year =         1988
}
@Misc{Mozart07,
  author =       {{Mozart Consortium}},
  title =        {The {M}ozart-{O}z Website},
  note =         {http://www.mozart-oz.org/},
  year =         2007
}
@Book{Mueller99,
  author =       {Stefan M{\"u}ller},
  year =         1999,
  title =        {Deutsche {S}yntax deklarativ. {H}ead-{D}riven {P}hrase {S}tructure {G}rammar f{\"u}r das {D}eutsche},
  publisher =    {Max Niemeyer Verlag},
  address =      {T{\"u}bingen/DE},
  series =       {Linguistische Arbeiten 394},
}
@Article{Muskens01,
  author = 	 {Reinhard Muskens},
  title = 	 {Talking about Trees and Truth-Conditions},
  journal = 	 {Journal of Logic, Language and Information},
  year = 	 2001,
  volume =       10,
  number =       4,
  pages =        {417--455},
}
%N
@Misc{Narendranath04,
  author = 	 {Renjini Narendranath},
  title = 	 {{E}valuation of the Stochastic Extension of a Constraint-Based Dependency Parser},
  note =         {Bachelorarbeit, Saarland University},
  year = 	 2004,
}
@InProceedings{Nasr95,
  author =       {Alexis Nasr},
  title =        {A Formalism and a Parser for Lexicalised Dependency Grammars},
  booktitle =    {4th International Workshop on Parsing Technologies},
  pages =        {186--195},
  year =         1995,
  address =      {Prague/CZ}
}
@PhdThesis{Nasr96,
  author =       {Alexis Nasr},
  title =        {Un syst{\`e}me de reformulation automatique de phrases fond{\'e} sur la {T}h{\'e}orie {S}ens-{T}exte: application aux langues contr{\^o}l{\'e}es},
  school =       {Universit{\'e} Paris 7},
  year =         1996
}
@TechReport{Netter91,
  author =       {Klaus Netter},
  year =         1991,
  title =        {Clause Union Phenomena and Complex Predicates in
		 {G}erman},
  institution =  {DYANA},
  number =       {R1.1.B (Part 1)},
}
@InProceedings{NeuhausHahn96,
  author = 	 {Peter Neuhaus and Udo Hahn},
  title = 	 {Restricted Parallelism in Object-Oriented Lexical Parsing},
  booktitle =	 {Proceedings of COLING 1996},
  pages =	 {502--507},
  year =	 1996,
  address =	 {Copenhagen/DK}
}
@InProceedings{NeuhausBroeker97,
  author = 	 {Peter Neuhaus and Norbert Br{\"o}ker},
  title = 	 {The Complexity of Recognition of Linguistically Adequate Dependency Grammars},
  booktitle =	 {Proceedings of EACL 1997},
  pages =	 {337--343},
  year =	 1997,
  address =	 {Madrid/ES}
}
%O
@Misc{Odeh04,
  author = 	 {Marwan Odeh},
  title = 	 {Topologische {D}ependenzgrammatik f{\"u}rs {A}rabische},
  note =         {Forschungspraktikum, Saarland University},
  year = 	 2004
}
@InProceedings{OlivaEtal99,
  author =       {Karel Oliva and M. Andrew Moshier and Sabine Lehmann},
  title =        {Grammar Engineering for the Next Millennium},
  booktitle =    {Proceedings of the 5th Natural Language Processing Pacific Rim Symposium 1999 ``Closing the Millennium''},
  year =         1999,
  address =      {Beijing/CHI},
  publisher =    {Tsinghua University Press}
}
@Book{Owens88,
  author =	 {Jonathan Owens},
  title = 	 {An Introduction to Medieval Arabic Grammatical Theory},
  publisher = 	 {John Benjamins},
  year = 	 1988,
  series =	 {Studies in the History of Language Sciences},
  edition =	 45
}
%P
@Article{Panevova74,
  author = 	 {Jarmila Panenov{\'a}},
  title = 	 {On Verbal Frames in {F}unctional {G}enerative {D}escription},
  journal = 	 {Prague Bulletin of Mathematical Linguistics},
  year = 	 1974,
}
@InProceedings{Pedersen04,
  author = 	 {Mark Pedersen},
  title = 	 {Relative Clauses in Hindi and Arabic: A Paninian Dependency Grammar Analysis},
  booktitle =    {Proceedings of the COLING 2004 Workshop on Recent Advances in Dependency Grammar},
  year =         2004,
  address =      {Geneva/CH},
}
@InProceedings{PelizzoniDasGracasVolpeNunes05,
  author =       {Jorge Pelizzoni and Maria das Gracas Volpe Nunes},
  title =        {{N}:{M} Mapping in {XDG} - The Case for Upgrading Groups},
  booktitle =    {Proceedings of the International Workshop on Constraint Solving and Language Processing},
  year =         2005,
  address =      {Sitges/ES},
}
@InCollection{Penn99,
  author =       {Gerald Penn},
  title =        {A Generalized-Domain-Based Approach to Serbo-Croatian Second-Position Clitic Placement},
  booktitle =    {Constraints and Resources in Natural Language Syntax and
		  Semantics},
  pages =        {119--136},
  publisher =    {CSLI Publications},
  year =         1999,
  editor =       {Gosse Bouma and Erhard Hinrichs and Geert-Jan M. Kruijff and Richard Oehrle},
  address =      {Stanford/US}
}
@Article{Phillips93,
  author =       {John .D. Phillips},
  title =        {Generation of Text from Logical Formulae},
  journal =      {Machine Translation},
  year =         1993,
  volume =       8,
  number =       4,
  pages =        {209--235}
}
@Book{Peirce1898,
  author =	 {Charles S. Peirce},
  title = 	 {Reasoning and the Logic of Things: The Cambridge Conference Lectures 1898},
  publisher = 	 {Harvard University Press},
  year = 	 1898,
  address =      {Cambridge/US},
  note =         {published 1992}
}
@Book{Pierce02,
  author =	 {Benjamin Pierce},
  title = 	 {Types and Programming Languages},
  publisher = 	 {MIT Press},
  year = 	 2002
}
@PhdThesis{Pierrehumbert80,
  author =       {Janet Pierrehumbert},
  title =        {The Phonetics and Phonology of {E}nglish Intonation},
  school =       {Massachusetts Institute of Technology},
  year =         1980,
  address =      {Bloomington/US},
}
@InProceedings{Pinkal99,
  author =       {Manfred Pinkal},
  title =        {On Underspecification},
  booktitle =    {Proceedings of the 5th International Workshop on Computational Semantics},
  year =         1999,
  address =      {Tilburg/NL}
}
@Article{PinkerBloom90,
  author = 	 {Steven Pinker and Paul Bloom},
  title = 	 {Natural Language and Natural Selection},
  journal = 	 {Behavioral and Brain Sciences},
  year = 	 1990,
  number =	 13, 
  volume =       4,
  pages =	 {707--726}
}
@Misc{PollardEtal93,
  author =       {Carl Pollard and Robert Levine and Robert Kasper},
  title =        {Studies in Constituent Ordering: Toward a Theory of Linearization in {H}ead-{D}riven {P}hrase {S}tructure {G}rammar},
  year =         1993
}
@Book{PollardSag87,
  author =       {Carl Pollard and Ivan A. Sag},
  title =        {Information-Based Syntax and Semantics. Volume 1: Fundamentals},
  publisher =    {CSLI},
  year =         1987,
  address =      {Stanford/US}
}
@Book{PollardSag94,
  author =       {Carl Pollard and Ivan A. Sag},
  year =         1994,
  title =        {Head-{D}riven {P}hrase {S}tructure {G}rammar},
  publisher =    {University of Chicago Press},
  address =      {Chicago/US},
}
@Misc{Pollard04,
  author =	 {Carl Pollard},
  title =	 {Higher Order Grammar},
  howpublished = {NASSLLI 04 Course},
  year =	 2004
}
@InProceedings{PrevostSteedman94,
  author =       {Scott Prevost and Mark Steedman},
  title =        {Information Based Intonation Synthesis},
  booktitle =    {Proceedings of the ARPA Workshop on Human Language Technology},
  year =         1994,
  address =      {Princeton/US}
}
@InProceedings{Puget94,
  author = 	 {J.-F. Puget},
  title = 	 {A {C++} Implementation of {CLP}},
  booktitle =	 {Proceedings of SPICIS'94},
  year =	 1994,
  address =	 {Singapore/SG}
}
@InProceedings{PullumScholz01,
  author = 	 {Geoffrey K. Pullum and Barbara C. Scholz},
  title = 	 {On the Distinction Between Model-Theoretic and Generative-Enumerative Syntactic Frameworks},
  booktitle =	 {Logical Aspect of Computational Linguistics: 4th International Conference},
  pages =	 {17--43},
  year =	 2001,
  editor =	 {Philippe de Groote and Glyn Morrill and Christian Retor{\'e}},
  series =	 {Lecture Notes in Artificial Intelligence},
  address =	 {Berlin/DE},
  publisher =	 {Springer}
}
%Q
%R
@InCollection{RambowJoshi94,
  author =       {Owen Rambow and Aravind K. Joshi},
  year =         1994,
  title =        {A Formal Look at Dependency Grammars and Phrase-Structure Grammars, with Special Consideration of Word-Order Phenomena},
  booktitle =    {Current Issues in {M}eaning-{T}ext {T}heory},
  editor =       {Leo Wanner},
  publisher =    {Pinter},
  address =      {London/UK},
}
@InProceedings{RambowEtal95,
  author = 	 {O. Rambow and K. Vijay-Shanker and D. Weir},
  title = 	 {D-tree Grammars},
  booktitle =	 {Proceedings of ACL 1995},
  year =	 1995,
  address =	 {Cambridge/US}
}
@InCollection{Reape94,
  author =       {Mike Reape},
  year =         1994,
  title =        {Domain Union and Word Order Variation in {G}erman},
  booktitle =    {German in {H}ead-{D}riven {P}hrase {S}tructure {G}rammar},
  editor =       {John Nerbonne and Klaus Netter and Carl Pollard},
  publisher =    {CSLI},
  pages =        {151--197},
  address =      {Stanford/US},
}
@InProceedings{Rentier94,
  author =       {Gerrit M. Rentier},
  title =        {A Lexicalist Approach to {D}utch Cross Dependencies},
  booktitle =    {Papers from the 30th Regional Meeting of the Chicago Linguistic Society},
  pages =        {376--390},
  year =         1994,
  editor =       {K. Beals and J. Denton and E. Knippen and L. Melnar and H. Suzuki and E. Zeinfeld},
  number =       30,
  address =      {Chicago/US},
}
@Article{Reyle93,
  author =       {Uwe Reyle},
  title =        {Dealing with Ambiguities by Underspecification},
  journal =      {Journal of Semantics},
  year =         1993,
  volume =       10,
  pages =        {123--179}
}
@InProceedings{Reynolds74,
  author = 	 {John C. Reynolds},
  title = 	 {Towards a Theory of Type Structure},
  booktitle =	 {Proceedings of Colloque sur la Programmation},
  pages =	 {408--425},
  year =	 1974,
  number =	 19,
  series =	 {LNCS},
  address =	 {New York/US},
  publisher =	 {Springer Verlag}
}
@Article{Robinson70,
  author =       {Jane J. Robinson},
  year =         1970,
  title =        {Dependency Structures and Transformation Rules},
  journal =      {Language},
  volume =       46,
  pages =        {259--285},
}
@InProceedings{Rogers96,
  author = 	 {James Rogers},
  title = 	 {A Model-Theoretic Framework for Theories of Syntax},
  booktitle =	 {Proceedings of ACL 1996},
  year =	 1996
}
@Article{Rogers97,
  author = 	 {James Rogers},
  title = 	 {Grammarless Phrase Structure Grammar},
  journal = 	 {Linguistics and Philosophy},
  year = 	 1997,
  volume =	 20,
  number =	 6,
  pages =	 {721--746}
}
@Book{Rogers98,
  author =	 {James Rogers},
  title = 	 {A Descriptive Approach to Language-Theoretic Complexity},
  publisher = 	 {CSLI},
  year = 	 1998
}
@InProceedings{Rogers98acl,
  author = 	 {James Rogers},
  title = 	 {A Descriptive Characterization of Tree-Adjoining Languages},
  booktitle =    {Proceedings of COLING/ACL 1998},
  address =      {Montr{\'e}al/CA},
  year =	 1998
}
@Book{Rogers98book,
  author =	 {James Rogers},
  title = 	 {A Descriptive Characterization of Tree-Adjoining LanguagesA Descriptive Characterization of Tree-Adjoining Languages},
  publisher = 	 {CSLI},
  year = 	 1998
}
@InProceedings{Rogers99,
  author =       {James Rogers},
  title =        {Generalized Tree-Adjoining Grammar},
  booktitle =    {Proceedings of MOL 6},
  year =         1999,
  address =      {Orlando/US},
}
@InProceedings{Rogers02,
  author =       {James Rogers},
  title =        {One More Perspective on Semantic Relations in {TAG}},
  booktitle =    {Proceedings of TAG+6},
  year =         2002,
  address =      {Venice/IT},
  pages =        {101--109}
}
@Article{Rogers03,
  author = 	 {James Rogers},
  title = 	 {Syntactic Structures as Multi-dimensional Trees},
  journal = 	 {Journal of Research on Language and Computation},
  year = 	 2003,
  volume =       1,
  number =       {3/4},
  publisher =    {Kluwer}
}
@InProceedings{Rogers04,
  author =       {James Rogers},
  title =        {On Scrambling, Another Perspective},
  booktitle =    {Proceedings of TAG+7},
  year =         2004,
  address =      {Vancouver/CA}
}
@PhdThesis{Ross67,
  author =       {John Robert Ross},
  year =         1967,
  title =        {Constraints on Variables in Syntax},
  school =       {MIT},
}
%S
@Book{Sadock91,
  author =       {Jerrold M. Sadock},
  title =        {Autolexical Syntax},
  publisher =    {University of Chicago Press},
  year =         1991
}
@Book{Saraswat93,
  author =	 {Vijay Saraswat},
  title = 	 {Concurrent Constraint Programming},
  publisher = 	 {MIT Press},
  year = 	 1993
}
@InProceedings{Sarkar00,
  author = 	 {Anoop Sarkar},
  title = 	 {Practical Experiments in Parsing Using {T}ree {A}djoining {G}rammars},
  booktitle =	 {Proceedings of TAG+5},
  year =	 2000,
  address =	 {Paris/FR}
}
@Misc{Satta00,
  author =	 {Giorgio Satta},
  title =	 {Parsing Techniques for Lexicalized Context-Free Grammars},
  year =	 2000,
  note =	 {Presented at the 6th International Workshop on Parsing Technologies (IWPT-2000)}
}
@TechReport{SchabesWaters94,
  author =       {Yves Schabes and Richard C. Waters},
  title =        {Tree Insertion Grammar: A Cubic-Time Parsable Formalism That Lexicalizes Context-Free Grammar without Changing the Trees Produced},
  institution =  {Mitsubishi Electric Research Laboratories},
  year =         1994
}
@InProceedings{Shieber84,
  author = 	 {Stuart M. Shieber},
  title = 	 {The Design of a Computer Language for Linguistic Information},
  booktitle =	 {Proceedings of COLING 1984},
  pages =	 {362--366},
  year =	 1984
}
@Article{Shieber85,
  author = 	 {Stuart M. Shieber},
  title = 	 {Evidence Against the Context-Freeness of Natural Language},
  journal = 	 {Linguistics and Philosophy},
  year = 	 1985,
  volume =	 8,
  pages =	 {334--343}
}

@InProceedings{ShieberSchabes90,
  author = 	 {Stuart M. Shieber and Yves Schabes},
  title = 	 {Synchronous {T}ree {A}djoining {G}rammars},
  booktitle =	 {Proceedings of COLING 1990},
  year =	 1990,
  address =	 {Helsinki/FI}
}
@InProceedings{SchabesEtal88,
  author = 	 {Yves Schabes and Anne Abeille and Aravind Joshi},
  title = 	 {Parsing Strategies with 'Lexicalized Grammars': Application to {T}ree {A}djoining {G}rammars},
  booktitle =	 {Proceedings of COLING 1988},
  year =	 1988,
  editor =	 {578--583},
  address =	 {Budapest/HU},
  volume =       1
}
@InProceedings{Schulte97,
  author =       {Christian Schulte},
  title =        {{Oz} {E}xplorer: A Visual Constraint Programming Tool},
  booktitle =    {Proceedings of the Fourteenth International Conference on Logic Programming},
  pages =        {286--300},
  year =         1997,
  editor =       {Lee Naish},
  address =      {Leuven/BE},
  month =        {jul},
  publisher =    {MIT Press}
}
@Book{Schulte02,
  author =       {Christian Schulte},
  title =        {Programming Constraint Services},
  publisher =    {Springer-Verlag},
  year =         {2002},
  volume =       {2302},
  series =       {Lecture Notes in Artificial Intelligence}
}
@InProceedings{SchulteStuckey04,
  author = 	 {Christian Schulte and Peter J. Stuckey},
  title = 	 {Speeding Up Constraint Propagation},
  booktitle =	 {Tenth International Conference on Principles and Practice of Constraint Programming},
  pages =	 {619--633},
  year =	 2004,
  volume =	 3258,
  series =	 {Lecture Notes in Computer Science},
  address =	 {Toronto/CA},
  publisher =	 {Springer-Verlag}
}
@InProceedings{SchulteTack05,
  author = 	 {Christian Schulte and Guido Tack},
  title = 	 {Views and Iterators for Generic Constraint Implementations},
  booktitle =	 {Proceedings of the Fifth International Colloqium on Implementation of Constraint and Logic Programming Systems},
  pages =	 {37--48},
  year =	 2005,
  editor =	 {Christian Schulte and Fernando Silva and Ricardo Rocha},
  address =	 {Sitges/ES}
}
@Book{SgallEtal86,
  author =       {Petr Sgall and Eva Hajicova and Jarmila Panevova},
  year =         1986,
  title =        {The Meaning of the Sentence in its Semantic and Pragmatic Aspects},
  publisher =    {D. Reidel},
  address =      {Dordrecht/NL},
}
@Article{ShankerWeir94,
  author = 	 {Vijay K. Shanker and David Weir},
  title = 	 {The Equivalence of Four Extensions of Context-Free Grammars},
  journal = 	 {Mathematical Systems Theory},
  year = 	 1994,
  volume =	 27,
  number =	 6,
  pages =	 {511--546}
}
@InCollection{Smolka95,
  author =       {Gert Smolka},
  title =        {The {O}z Programming Model},
  booktitle =    {Computer Science Today},
  pages =        {324--343},
  publisher =    {Springer-Verlag},
  year =         1995,
  editor =       {Jan van Leeuwen},
  series =       {Lecture Notes in Computer Science, vol. 1000},
  address =      {Berlin/DE}
}
@Misc{SmolkaUszkoreit96,
  author =	 {Gert Smolka and Hans Uszkoreit},
  title =	 {{NEGRA} Project of the Collaborative Research Centre ({SFB}) 378},
  year =	 {1996--2001},
  note =	 {Saarland University}
}
@Misc{Starosta88,
  author =       {Stanley Starosta},
  year =         1988,
  title =        {The Case for Lexicase}
}
@Article{Steedman85,
  author =       {Mark Steedman},
  title =        {Dependency and Coordination in the Grammar of {D}utch and {E}nglish},
  journal =      {Language},
  year =         1985,
  number =       61,
  pages =        {523--568}
}
@InProceedings{Steedman99,
  author =       {M. Steedman},
  title =        {Alternating Quantifier Scope in {CCG}},
  booktitle =    {Proceedings of ACL 1999},
  pages =        {301--308},
  year =         1999
}
@Book{Steedman00,
  author =       {Mark Steedman},
  title =        {The Syntactic Process},
  publisher =    {MIT Press},
  address =      {Cambridge/US},
  year =         2000
}
@Article{Steedman00a,
  author =       {Mark Steedman},
  title =        {Information Structure and the Syntax-Phonology Interface},
  journal =      {Linguistic Inquiry},
  year =         2000,
  volume =       31,
  number =       4,
  pages =        {649--689}
}
@Unpublished{Steedman04,
  author = 	 {Mark Steedman},
  title = 	 {Surface-Compositional Scope-Alternation Without Existential Quantifiers},
  note = 	 {Draft 5.0},
  year =	 2004
}
@InCollection{Steele78,
  author =       {Susan M. Steele},
  title =        {Word Order Variation: A Typological Study},
  booktitle =    {Universals of Human Language},
  pages =        {585--624},
  publisher =    {Stanford University Press},
  year =         1978,
  editor =       {Joseph Greenberg},
  address =      {Stanford/US},
}
@PhdThesis{Stone00,
  author = 	 {Christopher Allan Stone},
  title = 	 {Singleton Kinds and Singleton Types},
  school = 	 {Carnegie Mellon University},
  year = 	 2000
}
@InProceedings{Sutherland63,
  author = 	 {Ivan E. Sutherland},
  title = 	 {Sketchpad: A Man-Machine Graphical Communication System},
  booktitle =	 {Proceedings of the 1963 Spring Joint Computer Conference},
  pages =	 {329--346},
  year =	 1963,
  editor =	 {E. Calvin Johnson},
  volume =	 23,
  series =	 {AFIPS Conference Proceedings},
  address =	 {Baltimore/US},
  organization = {American Federation of Information Processing Societies},
  publisher =	 {Spartan Books}
}
@InProceedings{StysZemke95,
  author =       {M. Stys and S. Zemke},
  title =        {Incorporating Discourse Aspects in {E}nglish-Polish {MT}: Towards Robust Implementation},
  booktitle =    {Recent Advances in NLP},
  year =         1995,
  address =      {Velingrad/BG}
}
%T
@TechReport{Tack02,
  author = 	 {Guido Tack},
  title = 	 {{IOzSeF} - The integrated {Oz} search factory},
  institution =  {Saarland University},
  year = 	 2002
}
@MastersThesis{Tack03,
  author = 	 {Guido Tack},
  title = 	 {Linearisation, Minimisation and Transformation of Data Graphs with Transients},
  school = 	 {Saarland University},
  year = 	 2003,
  type =         {Diploma thesis}
}
@InProceedings{TackEtal06,
  author = 	 {Guido Tack and Christian Schulte and Gert Smolka},
  title = 	 {Generating Propagators for Finite Set Constraints},
  booktitle =	 {{12th International Conference on Principles and Practice of Constraint Programming}},
  pages =	 {575--589},
  year =	 2006,
  editor =	 {Fr\'{e}deric Benhamou},
  volume =	 4204,
  series =	 {Lecture Notes in Computer Science},
  publisher =	 {Springer}
}
@InProceedings{TackBotlan04,
  author = 	 {Guide Tack and Didier Le Botlan},
  title = 	 {Compositional Abstractions for Search Factories},
  booktitle =    {Proceedings of the MOZ04 Conference},
  year =         2004,
  address =      {Charleroi/BE},
  series =       {Lecture Notes in Computer Science},
  publisher =    {Springer},
  volume =       3389,
}
@InCollection{Tarvainen87,
  author = 	 {Kalevi Tarvainen},
  title = 	 {Cases in the Framework of Dependency Grammar},
  booktitle = 	 {Concepts of Case},
  publisher =	 {Narr},
  year =	 1987
}
@Article{TaylorEtal01,
  author = 	 {P. Taylor and A. Black and R. Caley},
  title = 	 {Hetrogeneous Relation Graphs as a Mechanism for Representing Linguistic Information},
  journal = 	 {Speech Communications},
  year = 	 2001,
  volume =	 33,
  pages =	 {153--174}
}
@Book{Tesniere59,
  author =       {Lucien Tesni{\`e}re},
  year =         1959,
  title =        {El{\'e}ments de {S}yntaxe {S}tructurale},
  publisher =    {Klincksiek},
  address =      {Paris/FR},
}
@PhdThesis{Thiel04,
  author =       {Sven Thiel},
  title =        {Efficient Algorithms for Constraint Propagation and for Processing Tree Descriptions},
  school =       {Saarland University},
  year =         2004
}
@InProceedings{Trautwein95,
  author = 	 {Marten Trautwein},
  title = 	 {The Complexity of Structure Sharing in Unification-Based {Grammars}},
  booktitle =	 {Computational Linguistics in the Netherlands 1995},
  pages =	 {165--179},
  year =	 1995,
  editor =	 {Walter Daelemans and Gert Durieux and Steven Gillis}
}
@PhdThesis{Trujillo95,
  author =       {Indalecio Arturo Trujillo},
  year =         1995,
  title =        {Lexicalist Machine Translation of Spatial Prepositions},
  school =       {University of Cambridge},
  address =      {Cambridge/US}
}
%U
@Misc{uDraw05,
  author =	 {{Bernd Krieg-Brueckner's Group}},
  title =	 {{uDraw(Graph)}},
  year =	 2005,
  note =         {http://www.informatik.uni-bremen.de/uDrawGraph/en/index.html}
}
@Book{Uszkoreit87,
  author =       {Hans Uszkoreit},
  year =         1987,
  title =        {Word Order and Constituent Structure in {G}erman},
  publisher =    {CSLI},
  address =      {Stanford/US},
}
@Article{UszkoreitEtal98,
  author =       {Hans Uszkoreit and Thorsten Brants and Denys Duchier and Brigitte Krenn and Lars Konieczny and Stephan Oepen and Wojciech Skut},
  title =        {Studien zur performanzorientierten {L}inguisitk. {A}spekte der {R}elativsatzextraposition im {D}eutschen},
  journal =      {Kognitionswissenschaft},
  year =         1998,
  volume =       7,
  number =       3
}
%V
@Article{VallduviEngdahl96,
  author =       {Enric Vallduv\'{i} and Elisabeth Engdahl},
  title =        {The Linguistic Realisation of Information Packaging},
  journal =      {Journal of Linguistics},
  year =         1996,
  volume =       34,
  pages =        {459--519}
}
@Book{VanValinLaPolla97,
  author =       {Robert D. Van Valin and Randy LaPolla},
  title =        {Syntax: Structure, Meaning and Function},
  publisher =    {Cambridge University Press},
  year =         1997
}
@InCollection{VanNoordBouma96,
  author =       {Gertjan van Noord and Gosse Bouma},
  title =        {Dutch Verb Clustering without Verb Clusters},
  booktitle =    {Specifying Syntactic Structures},
  publisher =    {CSLI Publications},
  year =         1996,
  editor =       {Patrick Blackburn and Maarten de Rijke}
}
@InBook{Vendler67,
  author =	 {Zeno Vendler},
  title = 	 {Linguistics in Philosophy},
  chapter = 	 {Verbs and Times},
  publisher = 	 {Cornell University Press},
  year = 	 1967
}
@Article{Venneman77,
  author =       {Theo Venneman},
  title =        {Konstituenz und {D}ependenz in einigen neueren {G}rammatiktheorien},
  journal =      {Sprachwissenschaft},
  year =         1977,
  volume =       2,
  pages =        {259--301}
}
%W
@Article{Wallace96,
  author = 	 {Mark Wallace},
  title = 	 {Practical Applications of Constraint Programming},
  journal = 	 {Constraints Journal},
  year = 	 1996,
  volume =	 1,
  number =	 1
}
@InCollection{Waltz75,
  author = 	 {D. L. Waltz},
  title = 	 {Understanding the Line Drawings of Scenes with Shadows},
  booktitle = 	 {The Psychology of Computer Vision},
  publisher =	 {McGraw-Hill},
  year =	 1975,
  editor =	 {P. Winston}
}
@TechReport{WebberEtal05,
  author = 	 {Bonnie Webber and Aravind Joshi and Eleni Miltsakaki and Rashmi Prasad and Nikhil Dinesh and Alan Lee and Katherine Forbes},
  title = 	 {A Short Introduction to the {P}enn {D}iscourse {TreeBank}},
  institution =  {University of Pennsylvania},
  year = 	 2005
}
@PhdThesis{Wechsler95,
  author = 	 {Stephen Wechsler},
  title = 	 {The Semantic Basis of Argument Structure},
  school = 	 {University of Chicago},
  year = 	 1995
}
@PhdThesis{Weir88,
  author = 	 {D. J. Weir},
  title = 	 {Characterizing Mildly Context-Sensitive Grammar Formalisms},
  school = 	 {University of Pennsylvania},
  year = 	 1988
}
@InProceedings{White04,
  author = 	 {Michael White},
  title = 	 {Reining in {CCG} Chart Realization},
  booktitle =	 {Proceedings of the 3rd International Conference on Natural Language Generation},
  year =	 2004
}
@InProceedings{Whitelock92,
  author =       {P. Whitelock},
  title =        {Shake-and-Bake Translation},
  booktitle =    {Proceedings of COLING 1992},
  year =         1992,
  address =      {Nantes/FR}
}
%X
@PhdThesis{Xia01,
  author = 	 {F. Xia},
  title = 	 {Automatic Grammar Generation from two Different Perspectives},
  school = 	 {University of Pennsylvania},
  year = 	 2001
}
@TechReport{Xtag01,
  author =       {{XTAG Research Group}},
  title =        {A {L}exicalized {T}ree {A}djoining {G}rammar for {E}nglish},
  institution =  {IRCS, University of Pennsylvania},
  year =         2001,
  number =       {IRCS-01-03}
}
%Y
%Z
@Article{ZolkovskijMelcuk65,
  author = 	 {Aleksandr \v{Z}olkovskij and Igor Mel'\v{c}uk},
  title = 	 {O vozmo\v{z}nom metode i instrumentax semanti\v{c}eskogo sinteza},
  journal = 	 {Nau\v{c}no-texni\v{c}eskaja informacija},
  year = 	 1965,
  volume =	 6,
  pages =	 {23--28}
}
@Article{ZolkovskijMelcuk67,
  author = 	 {Aleksandr \v{Z}olkovskij and Igor Mel'\v{c}uk},
  title = 	 {O semanti\v{c}eskom sinteze},
  journal = 	 {Problemy kybernetiki},
  year = 	 1967,
  volume =	 19,
  pages =	 {177--238}
}

